@preamble{"\providecommand{\noopsort}[1]{}"}

@incollection{Groenendijk1996,
    title = {{A Boolean Approach to Semantics}},
    year = {1996},
    booktitle = {Formal {M}ethods in the {S}tudy of {L}anguage.},
    author = {Keenan, Edward L.},
    editor = {Groenendijk, J. and Janssen, T. and Stokhof, M.},
    pages = {343--379},
    publisher = {Mathematisch Centrum Amsterdam}
}

@article{Wallsten86,
    title = {{Measuring the Vague Meanings of Probability Terms}},
    year = {1986},
    journal = {Journal of Experimental Psychology: General},
    author = {Wallsten, T. S., Budescu, D. V., Rapoport, A., Zwick, R., & Forsyth, B.},
    number = {115},
    pages = {348--356}
}

@article{Mosteller1990,
    title = {{Quantifying Probabilistic Expressions}},
    year = {1990},
    journal = {Statistical Science},
    author = {Mosteller, Frederick and Youtz, Cleo},
    number = {1},
    volume = {5},
    pages = {2--12}
}


@article{Cheyette2019,
    title = {{A primarily serial, foveal accumulator underlies approximate numerical estimation}},
    year = {2019},
    journal = {Proceedings of the National Academy of Sciences},
    author = {Cheyette, Samuel J. and Piantadosi, Steven T.},
    number = {36},
    pages = {17729--17734},
    volume = {116},
    issn = {0027-8424}
}

@inproceedings{young1971additive,
    title = {{Additive stages in the comparison of sentences and pictures}},
    year = {1971},
    booktitle = {Midwestern {P}sychological {A}ssociation {M}eetings},
    address = {Chicago},
    author = {Young, R and Chase, W G}
}

@techreport{Wagenmakers2004,
    title = {{AIC model selection using Akaike weights}},
    year = {2004},
    author = {Wagenmakers, Eric-Jan and Farrell, Simon and Wagenmakers, -J}
}

@inproceedings{Steinert-Threlkeld2015,
    title = {{Alternative Representations in Formal Semantics: A case study of quantifiers}},
    year = {2015},
    booktitle = {Proceedings of the 20th {A}msterdam {C}olloquium},
    editor = {Brochhagen, T. and Roelofsen, F. and Theiler, N.},
    publisher = {University of Amsterdam},
    author = {Steinert-Threlkeld, Shane and Munneke, Gert-Jan and Szymanik, Jakub},
    pages = {368--378}
}

@article{Aston-Jones2005,
    title = {{AN INTEGRATIVE THEORY OF LOCUS COERULEUS-NOREPINEPHRINE FUNCTION: Adaptive Gain and Optimal Performance}},
    year = {2005},
    journal = {Annual Review of Neuroscience},
    author = {Aston-Jones, Gary and Cohen, Jonathan D.},
    number = {1},
    pages = {403--450},
    volume = {28},
    publisher = {Annual Reviews},
    issn = {0147-006X},
    pmid = {16022602}
}

@misc{Keehn2013,
    title = {{Atypical attentional networks and the emergence of autism}},
    year = {2013},
    booktitle = {Neuroscience and Biobehavioral Reviews},
    author = {Keehn, Brandon and M{\"{u}}ller, Ralph Axel and Townsend, Jeanne},
    number = {2},
    pages = {164--183},
    volume = {37},
    issn = {01497634},
    keywords = {Alerting, Arousal, Attention, Autism, Development, Disengagement, Executive control, Orienting}
}

@article{Kotek2015,
    title = {{Experimental investigations of ambiguity: the case of most}},
    year = {2015},
    journal = {Natural Language Semantics},
    author = {Kotek, Hadas and Sudo, Yasutada and Hackl, Martin},
    number = {2},
    pages = {119--156},
    volume = {23},
    issn = {1572865X},
    keywords = {Experimental design, Language processing, Most, Quantification, Semantics–cognition interface, Superlatives}
}

@article{Cheng2019,
    title = {{Focused attention predicts visual working memory performance in 13-month-old infants: A pupillometric study}},
    year = {2019},
    journal = {Developmental Cognitive Neuroscience},
    author = {Cheng, Chen and Kaldy, Zsuzsa and Blaser, Erik},
    pages = {100616},
    volume = {36},
    publisher = {Elsevier Ltd},
    issn = {18789307},
    keywords = {Cognitive effort, Eye-tracking, Focused attention, Infants, Pupillometry, Task-evoked pupil responses, Visual working memory}
}

@incollection{Greenberg1978,
    title = {{Generalizations about numeral systems.}},
    year = {1978},
    booktitle = {Universals of {H}uman {L}anguage},
    author = {Greenberg, Joseph H.},
    editor = {Greenberg, Joseph H},
    pages = {250--295},
    publisher = {Stanford: Stanford University Press.}
}

@article{Kidd2018,
    title = {{Individual Differences in Language Acquisition and Processing}},
    year = {2018},
    journal = {Trends in Cognitive Sciences},
    author = {Kidd, Evan and Donnelly, Seamus and Christiansen, Morten H.},
    number = {2},
    pages = {154--169},
    volume = {22},
    publisher = {Elsevier Ltd},
    issn = {1879307X},
    keywords = {individual differences, language acquisition, language processing}
}

@article{Wetzel2016,
    title = {{Infant and adult pupil dilation in response to unexpected sounds}},
    year = {2016},
    journal = {Developmental Psychobiology},
    author = {Wetzel, Nicole and Buttelmann, David and Schieler, Andy and Widmann, Andreas},
    number = {3},
    pages = {382--392},
    volume = {58},
    publisher = {John Wiley and Sons Inc.},
    issn = {10982302},
    keywords = {Attention, Children, Development, Distraction, Infants, Novel, PDR, Pupil dilation, Pupillometry}
}

@article{Lidz2011,
    title = {{Interface transparency and the psychosemantics of most}},
    year = {2011},
    journal = {Natural Language Semantics},
    author = {Lidz, Jeffrey and Pietroski, Paul and Halberda, Justin and Hunter, Tim},
    number = {3},
    pages = {227--256},
    volume = {19},
    issn = {0925854X},
    keywords = {Analog magnitude, Approximate number system, Language development, Language processing, Mathematics, Most, Number, Quantification, Semantics-cognition interface}
}

@article{Tomaszewicz2013,
    title = {{Linguistic and Visual Cognition: Verifying Proportional and Superlative Most in Bulgarian and Polish}},
    year = {2013},
    journal = {Journal of Logic, Language and Information},
    author = {Tomaszewicz, Barbara},
    number = {3},
    pages = {335--356},
    volume = {22},
    issn = {09258531},
    keywords = {Language processing, Logical form, Psycholinguistics, Quantification, Semantics-cognition interface, Slavic}
}

@incollection{Grice1975,
    title = {{Logic and Conversation}},
    year = {1975},
    booktitle = {Syntax and {S}emantics},
    author = {Grice, Paul H.},
    editor = {Cole, Peter and Morgan, Jerry L.},
    pages = {41--58},
    publisher = {New York: Academic Press}
}

@article{Hutchison2019,
    title = {{Measuring Task Set Preparation Versus Mind Wandering Using Pupillometry}},
    year = {2019},
    journal = {Journal of Experimental Psychology: Learning Memory and Cognition},
    author = {Hutchison, Keith A. and Moffitt, Chad C. and Hart, Katie and Hood, Audrey V.B. and Watson, Jason M. and Marchak, Frank M.},
    number = {2},
    pages = {280--295},
    volume = {46},
    publisher = {American Psychological Association Inc.},
    issn = {02787393},
    keywords = {Attention, Cognitive control, Mind wandering, Pupillometry}
}

@article{Dietrich2015,
    title = {{Methodological aspects to be considered when measuring the approximate number system (ANS) - a research review}},
    year = {2015},
    journal = {Frontiers in Psychology},
    author = {Dietrich, Julia F. and Huber, Stefan and Nuerk, Hans Christoph},
    pages = {1--14},
    volume = {6},
    issn = {16641078},
    keywords = {Approximate number system, Measuring, Presentation duration, Reliability, Stimuli, Tasks, Validity, Visual control}
}

@article{Augurzky2020,
    title = {{Most (but not all) quantifiers are interpreted immediately in visual context}},
    year = {2020},
    journal = {Language, Cognition and Neuroscience},
    author = {Augurzky, Petra and Schlotterbeck, Fabian and Ulrich, Rolf},
    number = {9},
    pages = {1203--1222},
    volume = {35},
    publisher = {Routledge},
    issn = {23273801},
    keywords = {Event-related potentials, N400, language comprehension, picture-sentence verification, quantifier processing}
}

@article{Niedzwiecka2018,
    title = {{Mutual Gaze During Early Mother–Infant Interactions Promotes Attention Control Development}},
    year = {2018},
    journal = {Child Development},
    author = {Nied{\'{z}}wiecka, A. and Ramotowska, S. and Tomalski, P.},
    number = {6},
    volume = {89},
    issn = {14678624}
}

@article{Mhasawade,
    title = {{Neural Networks and Quantifier Conservativity: Does Data Distribution Affect Learnability? [Unpublished manuscript]}},
    author = {Mhasawade, Vishwali and Szab{\'{o}}, Ildikó Emese and Tosik, Melanie and Wang, Sheng-Fu},
    year = {2018},
    arxivId = {1809.05733v1}
}

@article{Asgeirsson2017,
    title = {{No arousal-biased competition in focused visuospatial attention}},
    year = {2017},
    journal = {Cognition},
    author = {{\'{A}}sgeirsson, Árni Gunnar and Nieuwenhuis, Sander},
    pages = {191--204},
    volume = {168},
    publisher = {Elsevier B.V.},
    issn = {18737838},
    keywords = {Alerting, Bayesian statistics, Cognitive modeling, Emotion, Phasic arousal, Tonic arousal}
}

@article{Solt2016,
    title = {{On measurement and quantification: The case of most and more than half}},
    year = {2016},
    journal = {Language},
    author = {Solt, Stephanie},
    number = {1},
    pages = {65--100},
    volume = {92},
    issn = {15350665},
    keywords = {Cardinality, Measurement theory, Number cognition, Quantification, Scales}
}

@article{Hackl2009,
    title = {{On the grammar and processing of proportional quantifiers: Most versus more than half}},
    year = {2009},
    journal = {Natural Language Semantics},
    author = {Hackl, Martin},
    number = {1},
    pages = {63--98},
    volume = {17},
    issn = {0925854X},
    keywords = {Degrees, Generalized Quantifier Theory, Psycholinguistics, Quantification, Superlatives, Verification}
}

@article{Pezzelle2018,
    title = {{Probing the mental representation of quantifiers}},
    year = {2018},
    journal = {Cognition},
    author = {Pezzelle, Sandro and Bernardi, Raffaella and Piazza, Manuela},
    pages = {117--126},
    volume = {181},
    issn = {18737838},
    keywords = {Grounding, Proportions, Quantifiers, Quantity estimation, Scale, Subitizing}
}

@inproceedings{Talmina2017,
    title = {{Quantifiers and verification strategies: connecting the dots}},
    year = {2017},
    booktitle = {Proceedings of the 21st {A}msterdam {C}olloquium},
    author = {Talmina, N and Kochari, A and Szymanik, J},
    publisher = {University of Amsterdam},
    pages = {465--473},
    editor = {Cremers, A. and van Gessel, T. and Roelofsen, F.}
}

@book{basar1980relation,
    title = {{EEG-Brain dynamics: Relation between EEG and brain evoked potentials}},
    year = {1980},
    author = {Basar, E},
    publisher = {Elsevier},
    address = {Amsterdam}
}

@article{Joshi2016,
    title = {{Relationships between Pupil Diameter and Neuronal Activity in the Locus Coeruleus, Colliculi, and Cingulate Cortex}},
    year = {2016},
    journal = {Neuron},
    author = {Joshi, Siddhartha and Li, Yin and Kalwani, Rishi M. and Gold, Joshua I.},
    number = {1},
    pages = {221--234},
    volume = {89},
    publisher = {Cell Press},
    issn = {10974199},
    pmid = {26711118}
}

@article{Bellezza1984,
    title = {{Reliability of retrieval from semantic memory: Common categories}},
    year = {1984},
    journal = {Bulletin of the Psychonomic Society},
    author = {Bellezza, Francis S},
    number = {4},
    pages = {324--326},
    volume = {22},
    issn = {0090-5054}
}

@inproceedings{Schlotterbeck2020,
    title = {{Representational complexity and pragmatics cause the monotonicity effect}},
    year = {2020},
    booktitle = {Proceedings of the 42nd Annual Meeting of the Cognitive Science Society},
    author = {Schlotterbeck, Fabian and Ramotowska, Sonia and van Maanen, Leendert and Szymanik, Jakub},
    pages = {3398--3404},
    editor = {Denison, S. and Mack, M. and Xu, Y. and B.C. Armstrong },
    publisher = {Cognitive Science Society},
    keywords = {diffusion decision model Background and goals, monotonicity, pragmatics, quantifiers, semantic representa-tions}
}

@Manual{Team2020,
    title = {{RStan: the R interface to Stan}},
    year = {2020},
    author = {{Stan Development Team}},
    note = {R package version 2.21.3}
}

@article{Inglis2013,
    title = {{Sampling from the mental number line: How are approximate number system representations formed?}},
    year = {2013},
    journal = {Cognition},
    author = {Inglis, Matthew and Gilmore, Camilla},
    number = {1},
    pages = {63--69},
    volume = {129},
    publisher = {Elsevier B.V.},
    issn = {00100277}
}

@article{Pietroski2011,
    title = {{Seeing what you mean, mostly}},
    year = {2011},
    journal = {Syntax and Semantics},
    author = {Pietroski, Paul and Lidz, Jeff and Hunter, Tim and Odic, Darko and Halberda, Justin},
    pages = {181--217},
    volume = {37},
    isbn = {9781780523750},
}

@book{Clark1976,
    title = {{Semantics and Comprehension}},
    year = {1976},
    author = {Clark, Herbert H.},
    publisher = {Mouton {\&} Co.B.V},
    address = {The Hague}
}

@article{Yildirim2016,
    title = {{Talker-specificity and adaptation in quantifier interpretation}},
    year = {2016},
    journal = {Journal of Memory and Language},
    author = {Yildirim, Ilker and Degen, Judith and Tanenhaus, Michael K. and Jaeger, T. Florian},
    pages = {128--143},
    volume = {87},
    publisher = {Elsevier Inc.},
    issn = {0749596X},
    keywords = {Adaptation, Pragmatics, Quantifiers, Semantics, Talker-specificity}
}

@article{Coventry2010,
    title = {{Talking about quantities in space: Vague quantifiers, context and similarity}},
    year = {2010},
    journal = {Language and Cognition},
    author = {Coventry, Kenny R. and Cangelosi, Angelo and Newstead, Stephen E. and Bugmann, Davi},
    number = {2},
    pages = {221--241},
    volume = {2},
    issn = {1866-9808}
}

@misc{Daviesa,
    title = {{The Corpus of Contemporary American English (COCA)}},
    year = {2008-},
    author = {Davies, Mark},
    note = {Available online at https://www.english-corpora.org/coca/}
}

@article{Pietroski2009,
    title = {{The meaning of 'Most': Semantics, numerosity and psychology}},
    year = {2009},
    journal = {Mind and Language},
    author = {Pietroski, Paul and Lidz, Jeffrey and Hunter, Tim and Halberda, Justin},
    number = {5},
    pages = {554--585},
    volume = {24},
    issn = {02681064}
}

@incollection{Hockett1963,
    title = {{The problem of universals in language}},
    year = {1963},
    booktitle = {Universals of {L}anguage},
    author = {Hockett, Charles F.},
    editor = {Greenberg, Joseph H.},
    pages = {1--29},
    publisher = {Cambridge, MA: MIT Press}
}

@misc{Corbetta2008,
    title = {{The Reorienting System of the Human Brain: From Environment to Theory of Mind}},
    year = {2008},
    booktitle = {Neuron},
    author = {Corbetta, Maurizio and Patel, Gaurav and Shulman, Gordon L.},
    number = {3},
    pages = {306--324},
    volume = {58},
    publisher = {Cell Press},
    issn = {08966273},
    pmid = {18466742}
}

@article{Newstead2000,
    title = {{The role of context and functionality in the interpretation of quantifiers}},
    year = {2000},
    journal = {European Journal of Cognitive Psychology},
    author = {Newstead, Stephen E. and Coventry, Kenny R.},
    number = {2},
    pages = {243--259},
    volume = {12},
    issn = {09541446}
}

@article{Solt2011,
    title = {{Vagueness in Quantity: Two Case Studies from a Linguistic Perspective}},
    year = {2011},
    journal = {Understanding vagueness. logical, philosophical and linguistic perspectives},
    author = {Solt, Stephanie},
    pages = {157--174},
    volume = {36}
}

@misc{Oken2006,
    title = {{Vigilance, alertness, or sustained attention: physiological basis and measurement}},
    year = {2006},
    booktitle = {Clinical Neurophysiology},
    author = {Oken, B. S. and Salinsky, M. C. and Elsas, S. M.},
    number = {9},
    pages = {1885--1901},
    volume = {117},
    publisher = {NIH Public Access},
    issn = {13882457},
    keywords = {Arousal, Attention, Cognition, EEG, Evoked potentials, Sleep deprivation, Vigilance}
}

@article{LopezPerez2020,
    title = {{Working together to orient faster: The combined effects of alerting and orienting networks on pupillary responses at 8 months of age}},
    year = {2020},
    journal = {Developmental Cognitive Neuroscience},
    author = {L{\'{o}}pez P{\'{e}}rez, David and Ramotowska, Sonia and Malinowska-Korczak, Anna and Haman, Maciej and Tomalski, Przemysław},
    number = {January},
    pages = {100763},
    volume = {42},
    publisher = {Elsevier},
    issn = {18789293}
}

@article{Mayo2004IEncoding,
    title = {{"I am not guilty" vs "I am innocent": Successful negation may depend on the schema used for its encoding}},
    year = {2004},
    journal = {Journal of Experimental Social Psychology},
    author = {Mayo, Ruth and Schul, Yaacov and Burnstein, Eugene},
    number = {4},
    pages = {433--449},
    volume = {40},
    publisher = {Academic Press},
    issn = {00221031}
}

@incollection{Bates1992NonlinearModels,
    title = {{"Nonlinear Models”}},
    year = {1992},
    booktitle = {Statistical Models},
    author = {Bates, D.M. and Chambers, J.M.},
    editor = {Chambers, S. J. M. and Hastie, T. J.},
    chapter = {10},
    publisher = {Wadsworth {\&} Brooks/Cole}
}

@article{NoTitle,
    title = {{(No Title)}}
}

@article{NoTitleb,
    title = {{(No Title)}},
    pmid = {26551627}
}

@article{Just1992AMemory,
    title = {{A capacity theory of comprehension: Individual differences in working memory}},
    year = {1992},
    journal = {Psychological Review},
    author = {Just, Marcel Adam and Carpenter, Patricia A},
    number = {1},
    pages = {122--149},
    volume = {99},
    issn = {0033295X},
    pmid = {1546114}
}

@misc{Wang2015ASize,
    title = {{A circuit for pupil orienting responses: Implications for cognitive modulation of pupil size}},
    year = {2015},
    booktitle = {Current Opinion in Neurobiology},
    author = {Wang, Chin An and Munoz, Douglas P.},
    pages = {134--140},
    volume = {33},
    publisher = {Elsevier Ltd},
    issn = {18736882}
}

@article{Zadeh1983ALanguages,
    title = {{A computational approach to fuzzy quantifiers in natural languages}},
    year = {1983},
    journal = {Computers {\&} Mathematics with Applications},
    author = {Zadeh, Lotfi A.},
    number = {1},
    pages = {149--184},
    volume = {9},
    publisher = {Pergamon},
    issn = {0898-1221}
}

@article{Halff1976AMeanings,
    title = {{A context-sensitive representation of word meanings}},
    year = {1976},
    journal = {Memory {\&} Cognition},
    author = {Halff, Henry M. and Ortony, Andrew and Anderson, Richard C},
    number = {4},
    pages = {378--383},
    volume = {4},
    issn = {0090502X}
}

@article{Tillman2017ATask,
    title = {{A diffusion decision model analysis of evidence variability in the lexical decision task}},
    year = {2017},
    journal = {Psychonomic Bulletin {\&} Review},
    author = {Tillman, Gabriel and Osth, Adam F. and van Ravenzwaaij, Don and Heathcote, Andrew},
    number = {6},
    pages = {1949--1956},
    volume = {24},
    publisher = {Springer New York LLC},
    issn = {1069-9384},
    keywords = {Diffusion decision model, Lexical-decision task, REM-LD}
}

@article{Dutilh2009AEffect,
    title = {{A diffusion model decomposition of the practice effect}},
    year = {2009},
    journal = {Psychonomic Bulletin and Review},
    author = {Dutilh, Gilles and Vandekerckhove, Joachim and Tuerlinckx, Francis and Wagenmakers, Eric Jan},
    number = {6},
    pages = {1026--1036},
    volume = {16},
    publisher = {Springer},
    issn = {10699384},
    keywords = {Cognitive Psychology}
}

@article{Hersh1976ALanguage,
    title = {{A fuzzy set approach to modifiers and vagueness in natural language}},
    year = {1976},
    journal = {Journal of Experimental Psychology: General},
    author = {Hersh, Harry M. and Caramazza, Alfonso},
    number = {3},
    pages = {254--276},
    volume = {105},
    issn = {00963445},
    keywords = {phrases of natural language operators describing square sizes {\&}, printed vs aural phrase presentation {\&}, response set, fuzzy set theory analysis of phrase selections, college students}
}

@article{Heekeren2004ABrain,
    title = {{A general mechanism for perceptual decision-making in the human brain}},
    year = {2004},
    journal = {Nature},
    author = {Heekeren, H. R. and Marrett, S. and Bandettini, P. A. and Ungerleider, L. G.},
    number = {7010},
    pages = {859--862},
    volume = {431},
    publisher = {Nature},
    issn = {1476-4687},
    pmid = {15483614},
    keywords = {Animals, Attention / physiology, Brain / cytology, Brain / physiology*, Decision Making / physiology*, Face, Female, H R Heekeren, Haplorhini / physiology, Housing, Humans, L G Ungerleider, MEDLINE, Magnetic Resonance Imaging, Male, Models, NCBI, NIH, NLM, National Center for Biotechnology Information, National Institutes of Health, National Library of Medicine, Neurological*, Non-U.S. Gov't, P.H.S., Pattern Recognition, Photic Stimulation, Prefrontal Cortex / cytology, Prefrontal Cortex / physiology, PubMed Abstract, Research Support, S Marrett, U.S. Gov't, Visual / physiology, Visual Perception / physiology*, doi:10.1038/nature02966, pmid:15483614}
}

@article{Verheyen2013AAmbiguity,
    title = {{A Mixture Approach to Vagueness and Ambiguity}},
    year = {2013},
    journal = {PLoS ONE},
    author = {Verheyen, Steven and Storms, Gert},
    editor = {Paterson, Kevin},
    number = {5},
    pages = {e63507},
    volume = {8},
    publisher = {Public Library of Science},
    issn = {1932-6203}
}

@book{Horn2001ANegation,
    title = {{A {N}atural {H}istory of {N}egation}},
    year = {2001},
    author = {Horn, Laurence R.},
    publisher = {CSLI},
    isbn = {9781575863368}
}

@article{Murphy2006Areview,
    title = {{A Natural History of Negation (review)}},
    year = {2006},
    journal = {Language},
    author = {Murphy, M. Lynne.},
    number = {3},
    pages = {684--684},
    volume = {82},
    issn = {1535-0665},
    keywords = {Comparative and general, Grammar, Language and languages, Negation}
}

@article{Brouwer2017AProcessing.,
    title = {{A Neurocomputational Model of the N400 and the P600 in Language Processing.}},
    year = {2017},
    journal = {Cognitive science},
    author = {Brouwer, Harm and Crocker, Matthew W and Venhuizen, Noortje J and Hoeks, John C J},
    pages = {1318--1352},
    volume = {41 Suppl 6},
    issn = {1551-6709},
    pmid = {28000963},
    keywords = {Computational modeling, Event-related potentials, Language comprehension, N400, Neural networks, P600, Retrieval-Integration account}
}

@inproceedings{Nordmeyer2014ASentences,
    title = {{A pragmatic account of the processing of negative sentences}},
    year = {2014},
    booktitle = {Proceedings of the 36th {A}nnual {C}onference of the {C}ognitive {S}cience {S}ociety},
    author = {Nordmeyer, Ann E and Frank, Michael C},
    publisher = {Cognitive Science Society},
    address = {Austin TX},
    editor = {Bello, Paul and Guarini, Marcello and McShane, Marjorie and Scassellati, Brian},
    keywords = {negation, pragmatics, sentence processing}
}

@article{Rouder2019ATasks,
    title = {{A psychometrics of individual differences in experimental tasks}},
    year = {2019},
    journal = {Psychonomic Bulletin and Review},
    author = {Rouder, Jeffrey N. and Haaf, Julia M.},
    number = {2},
    pages = {452--467},
    volume = {26},
    publisher = {Springer New York LLC},
    issn = {15315320},
    pmid = {30911907},
    keywords = {Bayesian inference, Hierarchical models, Individual differences, Inhibition, Reliability}
}

@article{Keenan1986ADeterminers,
    title = {{A semantic characterization of natural language determiners}},
    year = {1986},
    journal = {Linguistics and Philosophy},
    author = {Keenan, Edward L. and Stavi, Jonathan},
    number = {3},
    pages = {253--326},
    volume = {9},
    issn = {01650157}
}

@article{Romoli2015AConservativity,
    title = {{A Structural Account of Conservativity}},
    year = {2015},
    journal = {Semantics-Syntax Interface},
    author = {Romoli, Jacopo},
    pages = {28--57},
    volume = {2},
    keywords = {conservativity, conservativity universal, copy theory of movement *, generalized quantifier theory, semantics, syntax}
}

@article{Kuperberg2020ARepresentation,
    title = {{A Tale of Two Positivities and the N400: Distinct Neural Signatures Are Evoked by Confirmed and Violated Predictions at Different Levels of Representation}},
    year = {2020},
    journal = {Journal of cognitive neuroscience},
    author = {Kuperberg, Gina R. and Brothers, Trevor and Wlotko, Edward W.},
    number = {1},
    pages = {12--35},
    volume = {32},
    publisher = {J Cogn Neurosci},
    issn = {1530-8898},
    pmid = {31479347},
    keywords = {Adult, Anticipation, Cerebral Cortex / physiology*, Comprehension / physiology*, Conflict, Edward W Wlotko, Electroencephalography, Evoked Potentials / physiology*, Extramural, Female, Gina R Kuperberg, Humans, MEDLINE, Male, N.I.H., NCBI, NIH, NLM, National Center for Biotechnology Information, National Institutes of Health, National Library of Medicine, PMC7299186, Pattern Recognition, Psycholinguistics*, Psychological / physiology*, Psychological*, PubMed Abstract, Reading*, Research Support, Trevor Brothers, Visual / physiology, Young Adult, doi:10.1162/jocn{\_}a{\_}01465, pmid:31479347}
}

@article{Ratcliff1978ARetrieval,
    title = {{A theory of memory retrieval}},
    year = {1978},
    journal = {Psychological Review},
    author = {Ratcliff, Roger},
    number = {2},
    pages = {59--108},
    volume = {85},
    issn = {0033295X},
    keywords = {theory of memory retrieval {\&} application over range of experimental paradigms}
}

@article{Ratcliff1978ARetrievalb,
    title = {{A theory of memory retrieval}},
    year = {1978},
    journal = {Psychological Review},
    author = {Ratcliff, Roger},
    number = {2},
    pages = {59--108},
    volume = {85},
    issn = {0033295X},
    keywords = {theory of memory retrieval {\&} application over range of experimental paradigms}
}

@article{Helson1948Adaptation-levelReference,
    title = {{Adaptation-level as a basis for a quantitative theory of frames of reference}},
    year = {1948},
    journal = {Psychological Review},
    author = {Helson, Harry},
    number = {6},
    pages = {297--313},
    volume = {55},
    issn = {0033295X},
    keywords = {ADAPTATION, LEVEL, AS FRAME OF REFERENCE, FRAME OF REFERENCE, QUANTITATIVE THEORY, SOCIAL PSYCHOLOGY, EXPERIMENTAL, FRAME OF REFERENCE, SYSTEMS, THEORY {\&}}
}

@article{Verheyen2019Age-RelatedCategorization,
    title = {{Age-Related Degree and Criteria Differences in Semantic Categorization}},
    year = {2019},
    journal = {Journal of Cognition},
    author = {Verheyen, Steven and Droeshout, Elisabeth and Storms, Gert},
    number = {1},
    volume = {2},
    publisher = {Ubiquity Press, Ltd.},
    issn = {2514-4820}
}

@article{Wagenmakers2004AICWeights,
    title = {{AIC model selection using Akaike weights}},
    year = {2004},
    journal = {Psychonomic Bulletin and Review},
    author = {Wagenmakers, Eric Jan and Farrell, Simon},
    number = {1},
    pages = {192--196},
    volume = {11},
    issn = {10699384},
    pmid = {15117008}
}

@article{Geva2013AlertingDilations,
    title = {{Alerting, orienting or executive attention networks: Differential patters of pupil dilations}},
    year = {2013},
    journal = {Frontiers in Behavioral Neuroscience},
    author = {Geva, Ronny and Zivan, Michal and Warsha, Aviv and Olchik, Dov},
    number = {OCT},
    volume = {7},
    publisher = {Frontiers Media SA},
    issn = {16625153},
    keywords = {Arousal, Attention, Autonomic response, Locus coeruleus, Norepinephrine, Pupil dilation}
}

@article{Hartigan1979AlgorithmAlgorithm,
    title = {{Algorithm AS 136: A K-Means Clustering Algorithm}},
    year = {1979},
    journal = {Applied Statistics},
    author = {Hartigan, J. A. and Wong, M. A.},
    number = {1},
    pages = {100},
    volume = {28},
    publisher = {JSTOR},
    issn = {00359254}
}

@inproceedings{Steinert-Threlkeld2019AlternativeQuantifiers,
    title = {{Alternative representations in formal semantics: A case study of quantifiers}},
    year = {2019},
    booktitle = {Proceedings of the 20th {A}msterdam {C}olloquium},
    editor = {Brochhagen, T. and Roelofsen, F. and Theiler, N.},
    publisher = {University of Amsterdam},
    author = {Steinert-Threlkeld, Shane and Munneke, Gert Jan and Szymanik, Jakub},
    pages = {368--377}
}

@article{Eimer2009AnMemory,
    title = {{An electrophysiological measure of access to representations in visual working memory}},
    year = {2009},
    author = {Eimer, Martin and Kiss, Monika},
    keywords = {Descriptors: Working memory, Event-related brain potentials, Spatial cognition, Vision}
}

@article{Vidal2011AnRevisited,
    title = {{An ERP study of cognitive architecture and the insertion of mental processes: Donders revisited}},
    year = {2011},
    journal = {Psychophysiology},
    author = {Vidal, Franck and Burle, Boris and Grapperon, Jacques and Hasbroucq, Thierry},
    number = {9},
    pages = {1242--1251},
    volume = {48},
    publisher = {John Wiley {\&} Sons, Ltd},
    issn = {1469-8986},
    pmid = {21342207},
    keywords = {ERPs, Insertion, Laplacian, M1, Reaction time, SMA}
}

@article{Xiang2020AnComplexity,
    title = {{An informativity-based account of negation complexity}},
    year = {2020},
    journal = {Journal of Experimental Psychology. Learning, Memory, and Cognition},
    author = {Xiang, Ming and Kramer, Alex and Nordmeyer, Ann E.},
    number = {10},
    pages = {1857--1867},
    volume = {46},
    publisher = {J Exp Psychol Learn Mem Cogn},
    issn = {1939-1285},
    pmid = {32364403},
    keywords = {Adult, Alex Kramer, Ann E Nordmeyer, Anticipation, Comprehension / physiology*, Female, Humans, MEDLINE, Male, Middle Aged, Ming Xiang, NCBI, NIH, NLM, National Center for Biotechnology Information, National Institutes of Health, National Library of Medicine, Pattern Recognition, Psycholinguistics*, Psychological / physiology*, PubMed Abstract, Visual / physiology*, doi:10.1037/xlm0000851, pmid:32364403}
}

@book{Heathcote2015AnModeling,
    title = {{An introduction to good practices in cognitive modeling}},
    year = {2015},
    booktitle = {An Introduction to Model-Based Cognitive Neuroscience},
    author = {Heathcote, Andrew and Brown, Scott D and Wagenmakers, Eric Jan},
    pages = {25--48},
    isbn = {9781493922369},
    keywords = {Cognition, Model, Model selection, Parameter estimation, Quantitative, Simulation study, Theory}
}

@article{Liu1998AnInterpretations,
    title = {{An overview of fuzzy quantifiers. (I). Interpretations}},
    journal = {Fuzzy Sets and Systems},
    volume = {95},
    number = {1},
    pages = {1-21},
    year = {1998},
    author = {Liu, Yaxin and Kerre, Etienne E.},
    issn = {01650114},
    keywords = {Cardinality of fuzzy sets, Fuzzy logic, Fuzzy quantifier, Many-valued logic, Numerical quantifier, OWA operator, Possibility distribution}
}

@article{Augurzky2017AreRestriction,
    title = {{Are all the triangles blue?-ERP evidence for the incremental processing of German quantifier restriction}},
    year = {2017},
    journal = {Language and Cognition},
    author = {Augurzky, Petra and Bott, Oliver and Sternefeld, Wolfgang and Ulrich, Rolf},
    number = {4},
    pages = {603--636},
    volume = {9},
    publisher = {Cambridge University Press},
    issn = {18669859},
    keywords = {N400, compositional-semantic processing, context effects, event-related potentials, language comprehension, late positivity, quantifier restriction}
}

@inproceedings{Spenader2019AreExperiments,
    title = {{Are conservative quantifiers easier to learn? Evidence from novel quantifier experiments}},
    year = {2019},
    editor = {Schlöder, Julian J. and McHugh, Dean and Roelofsen, Floris},
    publisher = {University of Amsterdam},
    booktitle = {Proceedings of the 22nd {A}msterdam {C}olloquium},
    author = {Spenader, Jennifer and de Villiers, Jill},
    pages = {504--512}
}

@article{Denic2020Are,
    title = {{Are most and more than half truth-conditionally equivalent?*}},
    year = {2020},
    author = {Deni{\'{c}}, Milica and Szymanik, Jakub},
    pages = {1--22}
}

@article{Zhao2015AreStudy,
    title = {{Are scalar implicatures automatically processed and different for each individual? A mismatch negativity (MMN) study}},
    year = {2015},
    journal = {Brain Research},
    author = {Zhao, Ming and Liu, Tao and Chen, Gang and Chen, Feiyan},
    pages = {137--149},
    volume = {1599},
    publisher = {Elsevier},
    issn = {18726240},
    keywords = {Automatic processing, Individual differences, MMN (mismatch negativity), Pragmatic abilities, SN (sustained negativity), Scalar implicatures}
}

@article{Zhao2015AreStudy.,
    title = {{Are scalar implicatures automatically processed and different for each individual? A mismatch negativity (MMN) study.}},
    year = {2015},
    journal = {Brain Research},
    author = {Zhao, Ming and Liu, Tao and Chen, Gang and Chen, Feiyan},
    pages = {137--49},
    volume = {1599},
    issn = {1872-6240},
    pmid = {25542387},
    keywords = {Automatic processing, Individual differences, MMN (mismatch negativity), Pragmatic abilities, SN (sustained negativity), Scalar implicatures}
}

@article{Richards2003AttentionStudy,
    title = {{Attention affects the recognition of briefly presented visual stimuli in infants: An ERP study}},
    year = {2003},
    journal = {Developmental Science},
    author = {Richards, John E.},
    number = {3},
    pages = {312--328},
    volume = {6},
    issn = {1363755X}
}

@book{Kahneman1973AttentionEffort,
    title = {{Attention and Effort}},
    year = {1973},
    author = {Kahneman, D.},
    publisher = {Prentice-Hall}
}

@article{Chen2014AutomaticNegativity,
    title = {{Automatic processing of taxonomic and thematic relations in semantic priming — Differentiation by early N400 and late frontal negativity}},
    year = {2014},
    journal = {Neuropsychologia},
    author = {Chen, Qingfei and Ye, Chun and Liang, Xiuling and Cao, Bihua and Lei, Yi and Li, Hong},
    pages = {54--62},
    volume = {64},
    publisher = {Pergamon},
    issn = {0028-3932},
    pmid = {25234647},
    keywords = {ERPs, Frontal negativity, N400, Semantic priming, Thematic relation}
}

@article{Zacks1999BarsCommunication,
    title = {{Bars and lines: A study of graphic communication}},
    year = {1999},
    journal = {Memory {\&} Cognition},
    author = {Zacks, Jeff and Tversky, Barbara},
    number = {6},
    pages = {1073--1079},
    volume = {27}
}

@article{Hoeting1999BayesianTutorial,
    title = {{Bayesian Model Averaging: A Tutorial}},
    year = {1999},
    journal = {Statistical Science},
    author = {Hoeting, Jennifer A. and Madigan, David and Raftery, Adrian E. and Volinsky, Chris T.},
    pages = {382--401},
    volume = {14},
    number = {4},
}

@article{Weissgerber2015BeyondParadigm,
    title = {{Beyond Bar and Line Graphs: Time for a New Data Presentation Paradigm}},
    year = {2015},
    journal = {PLOS Biology},
    author = {Weissgerber, Tracey L. and Milic, Natasa M. and Winham, Stacey J. and Garovic, Vesna D.},
    number = {4},
    pages = {e1002128},
    volume = {13},
    publisher = {Public Library of Science},
    issn = {1545-7885},
    keywords = {Graphs, Medical journals, Parametric analysis, Prisms, Scientists, Statistical data, Statistical distributions, Systematic reviews}
}

@misc{Eckstein2017BeyondDevelopment,
    title = {{Beyond eye gaze: What else can eyetracking reveal about cognition and cognitive development?}},
    year = {2017},
    booktitle = {Developmental Cognitive Neuroscience},
    author = {Eckstein, Maria K. and Guerra-Carrillo, Belén and Miller Singley, Alison T. and Bunge, Silvia A.},
    pages = {69--91},
    volume = {25},
    publisher = {Elsevier Ltd},
    issn = {18789307},
    keywords = {Blink rate, Children, Eyetracking, Pupil dilation, Pupillometry, Saccades}
}

@article{Beltran2019BrainRhythms,
    title = {{Brain inhibitory mechanisms are involved in the processing of sentential negation, regardless of its content. Evidence from EEG theta and beta rhythms}},
    year = {2019},
    journal = {Frontiers in Psychology},
    author = {Beltr{\'{a}}n, David and Morera, Yurena and Garc{\'{i}}a-Marco, Enrique and De Vega, Manuel},
    pages = {1782},
    volume = {10},
    publisher = {Frontiers Media S.A.},
    issn = {16641078},
    keywords = {Beta rhythms, Inhibition reuse, Response inhibition, Sentential negation, Theta rhythms, Two-steps model}
}

@article{Fischler1983BrainVerification,
    title = {{Brain Potentials Related to Stages of Sentence Verification}},
    year = {1983},
    journal = {Psychophysiology},
    author = {Fischler, Ira and Bloom, Paul A. and Childers, Donald G. and Roucos, Salim E. and Perry, Nathan W.},
    number = {4},
    pages = {400--409},
    volume = {20},
    issn = {14698986},
    pmid = {6356204},
    keywords = {Event related potentials (ERPs), Language, N400, Semantic memory, Sentence comprehension}
}

@techreport{Brownell1978CategorizingCategories,
    title = {{Categorizing with overlapping categories}},
    year = {1978},
    booktitle = {Memory {\&} Cognition},
    author = {Brownell, Hiram H and Caramazza, Alfonso},
    number = {5},
    pages = {481--490},
    volume = {6}
}

@article{Miletic2019CautionAbility,
    title = {{Caution in decision-making under time pressure is mediated by timing ability}},
    year = {2019},
    journal = {Cognitive Psychology},
    author = {Mileti{\'{c}}, Steven and van Maanen, Leendert},
    pages = {16--29},
    volume = {110},
    publisher = {Academic Press Inc.},
    issn = {00100285},
    keywords = {Decision-making, Interval timing, Response caution, Time pressure, Urgency}
}

@article{Portoles2018CharacterizingMemory,
    title = {{Characterizing synchrony patterns across cognitive task stages of associative recognition memory}},
    year = {2018},
    journal = {European Journal of Neuroscience},
    author = {Portoles, Oscar and Borst, Jelmer P. and van Vugt, Marieke K.},
    number = {8},
    pages = {2759--2769},
    volume = {48},
    publisher = {Blackwell Publishing Ltd},
    issn = {14609568},
    pmid = {29283467},
    keywords = {EEG, associative recognition memory, cognitive functions, connectivity, hidden semi-Markov models, neural oscillations}
}

@article{Reyna1991ClassIllusions,
    title = {{Class inclusion, the conjunction fallacy, and other cognitive illusions}},
    year = {1991},
    journal = {Developmental Review},
    author = {Reyna, Valerie F.},
    number = {4},
    pages = {317--336},
    volume = {11},
    publisher = {Academic Press},
    issn = {0273-2297}
}

@article{Dabrowska2016CognitiveSins,
    title = {{Cognitive Linguistics’ seven deadly sins}},
    year = {2016},
    journal = {Cognitive Linguistics},
    author = {D{\c{a}}browska, Ewa},
    number = {4},
    pages = {479--491},
    volume = {27},
    publisher = {De Gruyter Mouton},
    issn = {1613-3641},
    keywords = {Cognitive Commitment, hypothesis testing, individual differences, introspection, social Cognitive Linguistics}
}

@article{Dohla2018CognitiveDysgraphia,
    title = {{Cognitive profiles of developmental dysgraphia}},
    year = {2018},
    journal = {Frontiers in Psychology},
    author = {D{\"{o}}hla, Diana and Willmes, Klaus and Heim, Stefan},
    volume = {9},
    issn = {16641078},
    keywords = {Auditory processing, Comorbidities, Developmental dysgraphia, Phonological processing, Profiles, Spelling, Visual attention, Visual magnocellular functions}
}

@article{VanDerMaas2011CognitiveDifferences,
    title = {{Cognitive Psychology Meets Psychometric Theory: On the Relation Between Process Models for Decision Making and Latent Variable Models for Individual Differences}},
    year = {2011},
    author = {Van Der Maas, Han L J and Molenaar, Dylan and Maris, Gunter and Kievit, Rogier A and Borsboom, Denny},
    keywords = {ability, diffusion model, guessing, item response theory, response times}
}

@article{Heim2008CognitiveDyslexia,
    title = {{Cognitive subtypes of dyslexia}},
    year = {2008},
    journal = {Acta Neurobiologiae Experimentalis},
    author = {Heim, Stefan and Tschierse, Julia and Amunts, Katrin and Wilms, Marcus and Vossel, Simone and Willmes, Klaus and Grabowska, Anna and Huber, Walter},
    number = {1},
    pages = {73--82},
    volume = {68},
    issn = {00651400},
    pmid = {18389017},
    keywords = {Attention, Auditory, Automatization, Cluster, Diagnostics, Magnocellular, Phonology, Reading}
}

@inproceedings{Pol2019ComplexityQuantifiers,
    title = {{Complexity and learnability in the explanation of semantic universals of quantifiers}},
    year = {2019},
    author = {{\noopsort{Pol}}{{van de Pol}}, Iris and Steinert-Threlkeld, Shane and Szymanik, Jakub},
    booktitle = {Proceedings of the 41st {A}nnual {C}onference of the {C}ognitive {S}cience {S}ociety },
    publisher = {Cognitive Science Society},
    address = {Montreal, QB},
    editor = {Goel, A.K. and Seifert, C.M. and Freksa, C.},
    keywords = {Cognitive Psychology, Computational Linguistics, Language, Linguistics, Psychology, Semantics and Pragmatics, Social and Behavioral Sciences, Typological Linguistics and Linguistic Diversity, complexity, generalized quantifiers, kolmogorov complexity, learnability, other, quantifiers, semantic universals, simplicity}
}

@article{Ruff1986ComponentsExploration,
    title = {{Components of Attention during Infants' Manipulative Exploration}},
    year = {1986},
    journal = {Child Development},
    author = {Ruff, Holly A.},
    number = {1},
    pages = {105},
    volume = {57},
    publisher = {JSTOR},
    issn = {00093920}
}

@article{DeLong2020ComprehendingRelatedness,
    title = {{Comprehending surprising sentences: sensitivity of post-N400 positivities to contextual congruity and semantic relatedness}},
    year = {2020},
    journal = {https://doi.org/10.1080/23273798.2019.1708960},
    author = {DeLong, Katherine A. and Kutas, Marta},
    number = {8},
    pages = {1044--1063},
    volume = {35},
    publisher = {Routledge},
    issn = {23273801},
    keywords = {ERP, Sentence comprehension, language processing, post-N400 positivity (PNP), prediction}
}

@article{Just1971ComprehensionQuantification,
    title = {{Comprehension of negation with quantification}},
    year = {1971},
    journal = {Journal of Verbal Learning and Verbal Behavior},
    author = {Just, Marcel Adam and Carpenter, Patricia Ann},
    number = {3},
    pages = {244--253},
    volume = {10},
    publisher = {Academic Press},
    issn = {00225371}
}

@article{Szymanik2010ComprehensionModel,
    title = {{Comprehension of simple quantifiers: Empirical evaluation of a computational model}},
    year = {2010},
    journal = {Cognitive Science},
    author = {Szymanik, Jakub and Zajenkowski, Marcin},
    number = {3},
    pages = {521--532},
    volume = {34},
    issn = {03640213},
    keywords = {Computational semantics of natural language, Finite- and push-down automata, Generalized quantifiers, Language comprehension, Working memory}
}

@article{Computation0.9.12-4.2,
    title = {{Computation of Bayes Factors for Common Designs [R package BayesFactor version 0.9.12-4.2]}},
    publisher = {Comprehensive R Archive Network (CRAN)},
}

@incollection{Brasoveanu2020ComputationalTheory,
    title = {{Computational Cognitive Modeling and Linguistic Theory}},
    year = {2020},
    booktitle = {Language, Cognition, and Mind},
    author = {Brasoveanu, Adrian and Dotla{\v{c}}il, Jakub},
    pages = {1--294},
    series = {Language, Cognition, and Mind},
    volume = {6},
    publisher = {Springer International Publishing},
    address = {Cham},
    isbn = {978-3-030-31844-4},
    issn = {23644117}
}

@article{Vasishth2019ComputationalProcessing,
    title = {{Computational Models of Retrieval Processes in Sentence Processing}},
    year = {2019},
    journal = {Trends in Cognitive Sciences},
    author = {Vasishth, Shravan and Nicenboim, Bruno and Engelmann, Felix and Burchert, Frank},
    number = {11},
    pages = {968--982},
    volume = {23},
    issn = {1879307X},
    pmid = {31668586},
    keywords = {comprehension impairments in aphasia, cue-based retrieval, individual differences, retrieval interference}
}

@inproceedings{Weigand2021,
 author = {Weigand, Anna Christina AND Lange, Daniel AND Rauschenberger, Maria},
 title = {How can Small Data Sets be Clustered?},
 booktitle = {Mensch und Computer 2021 - Workshopband},
 year = {2021},
 editor = {Wienrich, Carolin AND Wintersberger, Philipp AND Weyers, Benjamin} ,
 publisher = {Gesellschaft für Informatik e.V.},
 address = {Bonn}
}

@article{Buccola2021ConceptualBeyond,
    title = {{Conceptual alternatives: Competition in language and beyond}},
    year = {2021},
    journal = {Linguistics and Philosophy},
    author = {Buccola, Brian and Kri{\v{z}}, Manuel and Chemla, Emmanuel},
    pages = {1--27},
    publisher = {Springer Science and Business Media B.V.},
    issn = {15730549},
    keywords = {Concepts, Formal semantics, Language of thought, Linguistic competition}
}

@book{Gardenfors2000ConceptualThought,
    title = {{Conceptual Spaces: The Geometry of Thought}},
    year = {2000},
    author = {G{\"{a}}rdenfors, Peter},
    publisher = {MIT Press},
    address = {Cambridge},
    issn = {0924-6495}
}

@article{Barber2013ConcretenessTask,
    title = {{Concreteness in word processing: ERP and behavioral effects in a lexical decision task}},
    year = {2013},
    journal = {Brain and Language},
    author = {Barber, Horacio A. and Otten, Leun J. and Kousta, Stavroula Thaleia and Vigliocco, Gabriella},
    number = {1},
    pages = {47--53},
    volume = {125},
    publisher = {Brain Lang},
    issn = {0093934X},
    pmid = {23454073},
    keywords = {Concreteness, Imageability, Lexical representation, N400-N700, Word recognition}
}

@article{Kochari2019ConductingResearch,
    title = {{Conducting web-based experiments for numerical cognition research}},
    year = {2019},
    journal = {Journal of Cognition},
    author = {Kochari, Arnold R.},
    number = {1},
    pages = {39},
    volume = {2},
    issn = {25144820},
    keywords = {Numerical cognition, Response accuracy, Response speed}
}

@article{Palminteri2017ConfirmationProcessing,
    title = {{Confirmation bias in human reinforcement learning: Evidence from counterfactual feedback processing}},
    year = {2017},
    journal = {PLoS Computational Biology},
    author = {Palminteri, Stefano and Lefebvre, Germain and Kilford, Emma J. and Blakemore, Sarah-Jayne},
    number = {8},
    pages = {e1005684},
    volume = {13},
    publisher = {Public Library of Science},
    pmid = {28800597}
}

@article{Botvinick2001ConflictControl,
    title = {{Conflict monitoring and cognitive control}},
    year = {2001},
    journal = {Psychological Review},
    author = {Botvinick, Matthew M. and Carter, Cameron S. and Braver, Todd S. and Barch, Deanna M. and Cohen, Jonathan D.},
    number = {3},
    pages = {624--652},
    volume = {108},
    publisher = {Psychol Rev},
    issn = {0033295X},
    pmid = {11488380},
    keywords = {Cognition / physiology*, Cognitive Science, Computer Simulation, Conflict, Frontal Lobe / physiology*, Humans, J D Cohen, M M Botvinick, MEDLINE, Models, NCBI, NIH, NLM, National Center for Biotechnology Information, National Institutes of Health, National Library of Medicine, Neuropsychology, Non-U.S. Gov't, P.H.S., Psychological, Psychological*, PubMed Abstract, Research Support, T S Braver, U.S. Gov't, doi:10.1037/0033-295x.108.3.624, pmid:11488380}
}

@article{Chemla2019ConnectingWords,
    title = {{Connecting Content and Logical Words}},
    year = {2019},
    journal = {Journal of Semantics},
    author = {Chemla, Emmanuel and Buccola, Brian and Dautriche, Isabelle},
    number = {3},
    pages = {531--547},
    volume = {36},
    publisher = {Oxford Academic},
    issn = {0167-5133}
}

@article{Hunter2013ConservativityDeterminers,
    title = {{Conservativity and learnability of determiners}},
    year = {2013},
    journal = {Journal of Semantics},
    author = {Hunter, Tim and Lidz, Jeffrey},
    number = {3},
    pages = {315--334},
    volume = {30},
    issn = {01675133}
}

@incollection{Degen2019Constraint-BasedProcessing,
    title = {{Constraint-Based Pragmatic Processing}},
    year = {2019},
    booktitle = {The {O}xford {H}andbook of {E}xperimental {S}emantics and {P}ragmatics},
    author = {Degen, Judith and Tanenhaus, Michael K},
    pages = {20--38},
    publisher = {Oxford University Press},
    editor = {Cummins, Chris and Katsos, Napoleon},
}

@article{Chemla2019ConstraintsPapio,
    title = {{Constraints on the lexicons of human languages have cognitive roots present in baboons (Papio papio)}},
    year = {2019},
    journal = {Proceedings of the National Academy of Sciences of the United States of America},
    author = {Chemla, Emmanuel and Dautriche, Isabelle and Buccola, Brian and Fagot, Joël},
    number = {30},
    pages = {14926--14930},
    volume = {116},
    publisher = {National Academy of Sciences},
    issn = {10916490},
    pmid = {31289236},
    keywords = {Connectedness, Human languages and their lexicons, Primate semantics}
}

@article{Burmester2014ContextTopic,
    title = {{Context updating during sentence comprehension: The effect of aboutness topic}},
    year = {2014},
    journal = {Brain and Language},
    author = {Burmester, Juliane and Spalek, Katharina and Wartenburger, Isabell},
    pages = {62--76},
    volume = {137},
    publisher = {Academic Press Inc.},
    issn = {10902155},
    keywords = {Aboutness topic, Discourse context, ERP, Information structure, Late positivity, Sentence processing, Syntax-Discourse Model, Word order variation}
}

@article{Yang2018Context-sensitivityImplicature,
    title = {{Context-sensitivity and individual differences in the derivation of scalar implicature}},
    year = {2018},
    journal = {Frontiers in Psychology},
    author = {Yang, Xiao and Minai, Utako and Fiorentino, Robert},
    number = {SEP},
    pages = {1720},
    volume = {9},
    publisher = {Frontiers Media S.A.},
    issn = {16641078},
    keywords = {Attentional control, Autism-Spectrum Quotient (AQ), Individual differences, Pragmatic abilities, Question under discussion (QUD), Scalar implicature, Working memory}
}

@article{Yang2018Context-SensitivityImplicature.,
    title = {{Context-Sensitivity and Individual Differences in the Derivation of Scalar Implicature.}},
    year = {2018},
    journal = {Frontiers in psychology},
    author = {Yang, Xiao and Minai, Utako and Fiorentino, Robert},
    pages = {1720},
    volume = {9},
    issn = {1664-1078},
    pmid = {30294290},
    keywords = {Autism-Spectrum Quotient (AQ), attentional control, individual differences, pragmatic abilities, question under discussion (QUD), scalar implicature, working memory}
}

@article{M2019ContextualLearning,
    title = {{Contextual influence on confidence judgments in human reinforcement learning}},
    year = {2019},
    journal = {PLoS computational biology},
    author = {M, Lebreton and K, Bacily and S, Palminteri and JB, Engelmann},
    number = {4},
    volume = {15},
    publisher = {PLoS Comput Biol},
    issn = {1553-7358},
    pmid = {30958826},
    keywords = {Adult, Choice Behavior / ethics*, Choice Behavior / physiology, Decision Making / ethics*, Decision Making / physiology, Female, Humans, Jan B Engelmann, Judgment / ethics*, Judgment / physiology, Karin Bacily, Learning, MEDLINE, Male, Ma{\"{e}}l Lebreton, NCBI, NIH, NLM, National Center for Biotechnology Information, National Institutes of Health, National Library of Medicine, Non-U.S. Gov't, PMC6472836, Psychology, PubMed Abstract, Reinforcement, Research Support, Self Concept, Young Adult, doi:10.1371/journal.pcbi.1006973, pmid:30958826}
}

@article{Benjamini1995ControllingTesting,
    title = {{Controlling the False Discovery Rate: A Practical and Powerful Approach to Multiple Testing}},
    year = {1995},
    journal = {Journal of the Royal Statistical Society: Series B (Methodological)},
    author = {Benjamini, Yoav and Hochberg, Yosef},
    number = {1},
    pages = {289--300},
    volume = {57},
    publisher = {Wiley},
    issn = {2517-6161},
    keywords = {bonferroni, comparison procedures, familywise error rate, multiple, p, type procedures, values}
}

@article{Feigenson2004CoreNumber,
    title = {{Core systems of number}},
    year = {2004},
    journal = {Trends in Cognitive Sciences},
    author = {Feigenson, Lisa and Dehaene, Stanislas and Spelke, Elizabeth},
    number = {7},
    pages = {307--314},
    volume = {8},
    publisher = {Elsevier Current Trends},
    issn = {1364-6613},
    pmid = {15242690}
}

@article{Grisoni2021CorrelatedSpecificity,
    title = {{Correlated Brain Indexes of Semantic Prediction and Prediction Error: Brain Localization and Category Specificity}},
    year = {2021},
    journal = {Cerebral Cortex},
    author = {Grisoni, Luigi and Tomasello, Rosario and Pulverm{\"{u}}ller, Friedemann},
    number = {3},
    pages = {1553--1568},
    volume = {31},
    publisher = {Oxford Academic},
    issn = {1047-3211},
    pmid = {33108460},
    keywords = {N400, predictive coding, semantic prediction potential (SPP), semantic processing}
}

@article{DonzallazCreativeProcess,
    title = {{Creative or Not? Hierarchical Diffusion Modeling of the Creative Evaluation Process [Unpublished manuscript]}},
    author = {Donzallaz, Michelle and Haaf, Julia M. and Stevenson, Claire},
    year = {2021},
    keywords = {Social and Behavioral Sciences}
}

@article{DonzallazCreativeProcessb,
    title = {{Creative or Not? Hierarchical Diffusion Modeling of the Creative Evaluation Process}},
    author = {Donzallaz, Michelle and Haaf, Julia M. and Stevenson, Claire},
    publisher = {PsyArXiv},
    keywords = {Social and Behavioral Sciences}
}

@article{Saratsli2020Cross-linguisticEvidentiality,
    title = {{Cross-linguistic frequency and the learnability of semantics: Artificial language learning studies of evidentiality}},
    year = {2020},
    journal = {Cognition},
    author = {Saratsli, Dionysia and Bartell, Stefan and Papafragou, Anna},
    pages = {104194},
    volume = {197},
    publisher = {Elsevier},
    issn = {0010-0277},
    keywords = {Artificial language learning, Evidentiality, Learnability, Pragmatics, Semantics, Typology}
}

@article{Ratcliff2020DecisionScales,
    title = {{Decision making in numeracy tasks with spatially continuous scales}},
    year = {2020},
    journal = {Cognitive Psychology},
    author = {Ratcliff, Roger and McKoon, Gail},
    pages = {101259},
    volume = {116},
    publisher = {Academic Press Inc.},
    issn = {00100285},
    keywords = {Diffusion model, Distributed representations, Gaussian process noise, Number-line tasks, Spatially continuous scale}
}

@incollection{Tucker2018DecompositionComparatives,
    title = {{Decomposition and Processing of Negative Adjectival Comparatives}},
    year = {2018},
    booktitle = {The {S}emantics of {G}radability, {V}agueness, and {S}cale {S}tructure: {E}xperimental {P}erspectives},
    author = {Tucker, Daniel and Tomaszewicz, Barbara and Wellwood, Alexis},
    pages = {243--273},
    volume = {4},
    publisher = {Springer},
    issn = {23644117},
    editor = {Castroviejo, Elena and McNally, Louise and Weidman Sassoon, Galit},
    keywords = {Comparatives, Decomposition, Experimental semantics, Gradable adjectives, Morphology, Negation, Psycholinguistics, Symbolic processing}
}

@article{Huang2021DelvingStudy,
    title = {{Delving Into the Working Mechanism of Prediction in Sentence Comprehension: An ERP Study}},
    year = {2021},
    journal = {Frontiers in Psychology},
    author = {Huang, Yunlong and Jiang, Minghu and Guo, Qian and Wang, Yuling},
    pages = {375},
    volume = {12},
    publisher = {Frontiers Media S.A.},
    issn = {16641078},
    keywords = {ERP, memory retrieval, prediction, sentence comprehension, underlying mechanism}
}

@article{Yeung2004DetectionMethods,
    title = {{Detection of synchronized oscillations in the electroencephalogram: An evaluation of methods}},
    year = {2004},
    journal = {Psychophysiology},
    author = {Yeung, Nick and Bogacz, Rafal and Holroyd, Clay B. and Cohen, Jonathan D.},
    number = {6},
    pages = {822--832},
    volume = {41},
    publisher = {Psychophysiology},
    issn = {00485772},
    pmid = {15563335},
    keywords = {Electroencephalography, Event-related potential, Oscillations, Phase resetting, Synchrony}
}

@article{Xie2018DevelopmentStudy,
    title = {{Development of infant sustained attention and its relation to EEG oscillations: an EEG and cortical source analysis study}},
    year = {2018},
    journal = {Developmental Science},
    author = {Xie, Wanze and Mallin, Brittany M. and Richards, John E.},
    number = {3},
    pages = {e12562},
    volume = {21},
    publisher = {Blackwell Publishing Ltd},
    issn = {14677687}
}

@article{Ratcliff2016DiffusionHistory,
    title = {{Diffusion Decision Model: Current Issues and History}},
    year = {2016},
    journal = {Trends in Cognitive Sciences},
    author = {Ratcliff, Roger and Smith, Philip L. and Brown, Scott D. and McKoon, Gail},
    number = {4},
    pages = {260--281},
    volume = {20},
    issn = {1879307X},
    pmid = {26952739},
    keywords = {Diffusion model, Nonstationarity, Optimality, Response time}
}

@incollection{Borst2021DiscoveringModels,
    title = {{Discovering Cognitive Stages in M/EEG Data to inform Cognitive Models}},
    year = {2021},
    booktitle = {An Introduction to Model-Based Cognitive Neuroscience},
    author = {Borst, Jelmer P and Anderson, John R},
    editor    = {Forstmann, B.U.  and Turner, B.},
    publisher = {Springer},
    edition   = {2nd},
    address     = {New York},
    keywords = {ACT-R, HsMM ACT-R HsMM-MVPA, M/EEG, MVPA, Stage Discovery}
}

@article{Berberyan2021DiscoveringProcess,
    title = {{Discovering the brain stages of lexical decision: Behavioral effects originate from a single neural decision process}},
    year = {2021},
    journal = {Brain and Cognition},
    author = {Berberyan, Hermine S. and van Rijn, Hedderik and Borst, Jelmer P.},
    volume = {153},
    publisher = {PsyArXiv},
    issn = {10902147},
    pmid = {34385085},
    keywords = {Electroencephalography, Event-related potentials, Hidden semi-Markov Models, Lexical decision, Machine learning, Multivariate pattern analysis}
}

@article{Anderson2014DiscoveringThought,
    title = {{Discovering the Sequential Structure of Thought}},
    year = {2014},
    journal = {Cognitive Science},
    author = {Anderson, John R. and Fincham, Jon M.},
    number = {2},
    pages = {322--352},
    volume = {38},
    publisher = {John Wiley {\&} Sons, Ltd},
    issn = {1551-6709},
    pmid = {23941168},
    keywords = {Cognitive models, Hidden markov models, Multi, Problem solving, voxel pattern recognition}
}

@article{Petrov2011DissociableAnalysis,
    title = {{Dissociable perceptual-learning mechanisms revealed by diffusion-model analysis}},
    year = {2011},
    journal = {Psychonomic Bulletin and Review},
    author = {Petrov, Alexander A. and van Horn, Nicholas M. and Ratcliff, Roger},
    number = {3},
    pages = {490--497},
    volume = {18},
    publisher = {Psychon Bull Rev},
    issn = {10699384},
    keywords = {Alexander A Petrov, Discrimination, Humans, Learning* / physiology, MEDLINE, Models, Motion, Motion Perception*, NCBI, NIH, NLM, National Center for Biotechnology Information, National Institutes of Health, National Library of Medicine, Nicholas M Van Horn, Photic Stimulation, Psychological, Psychological*, PubMed Abstract, Reaction Time, Roger Ratcliff, Visual Perception*, doi:10.3758/s13423-011-0079-8, pmid:21394547}
}

@article{Ruchkin1992DistinctionsStudy,
    title = {{Distinctions and similarities among working memory processes: an event-related potential study}},
    year = {1992},
    journal = {Cognitive Brain Research},
    author = {Ruchkin, Daniel S. and Johnson, Ray and Grafman, Jordan and Canoune, Howard and Ritter, Walter},
    number = {1},
    pages = {53--66},
    volume = {1},
    publisher = {Elsevier},
    issn = {0926-6410},
    keywords = {Articulatory rehearsal, Event-related potential, Short-term memory, Slow wave, Visuo-spatial sketch pad, Working memory}
}

@article{Regel2014DistinguishingOscillations,
    title = {{Distinguishing neurocognitive processes reflected by P600 effects: Evidence from ERPs and neural oscillations}},
    year = {2014},
    journal = {PLoS ONE},
    author = {Regel, Stefanie and Meyer, Lars and Gunter, Thomas C.},
    number = {5},
    pages = {e96840},
    volume = {9},
    publisher = {Public Library of Science},
    issn = {19326203},
    pmid = {24844290},
    keywords = {Event-related potentials, Information processing, Language, Neurolinguistics, Scalp, Semantics, Sentence processing, Syntax}
}

@article{Bott2012DistinguishingImplicatures,
    title = {{Distinguishing speed from accuracy in scalar implicatures}},
    year = {2012},
    journal = {Journal of Memory and Language},
    author = {Bott, Lewis and Bailey, Todd M. and Grodner, Daniel},
    number = {1},
    pages = {123--142},
    volume = {66},
    issn = {0749596X},
    keywords = {Inferences, Language processing, Pragmatics, Scalar implicatures, Speed-accuracy trade-off}
}

@inproceedings{Ariel2003DoesHalf,
    title = {{Does most mean ‘more than half’?}},
    year = {2003},
    booktitle = {Proceedings of the {T}wenty-{N}inth {A}nnual {M}eeting of the {B}erkeley {L}inguistics {S}ociety: General {S}ession and {P}arasession on {P}honetic {S}ources of {P}honological {P}atterns: {S}ynchronic and {D}iachronic {E}xplanations},
    author = {Ariel, Mira},
    editor = {Nowak, P.M. and Yoquelet, G. and Mortensen, D.},
    pages = {17--30},
    publisher = {Berkeley Linguistics Society},
    address = {Berkeley, California},
    issn = {0363-2946}
}

@article{Leonhard2011Dual-TaskOrder,
    title = {{Dual-Task Processing When Task 1 Is Hard and Task 2 Is Easy: Reversed Central Processing Order?}},
    year = {2011},
    journal = {Journal of Experimental Psychology: Human Perception and Performance},
    author = {Leonhard, Tanja and Fern{\'{a}}ndez, Susana Ruiz and Ulrich, Rolf and Miller, Jeff},
    number = {1},
    pages = {115--136},
    volume = {37},
    issn = {00961523},
    pmid = {20718575},
    keywords = {Cognitive control, Dual-tasking, PRP paradigm, Processing order, Simulation}
}

@article{Makeig2002DynamicReports,
    title = {{Dynamic brain sources of visual evoked responses. (Reports)}},
    year = {2002},
    journal = {Science},
    author = {Makeig, S. and Westerfield, M. and Jung, T.-P. and Enghoff, S. and Townsend, J. and Courchesne, E. and Sejnowski, T.J.},
    number = {5555},
    pages = {690--695},
    volume = {295},
    publisher = {American Association for the Advancement of Science},
    issn = {00368075},
    keywords = {Electroencephalography, Visual perception}
}

@article{Steinert-Threlkeld2020EaseUniversals,
    title = {{Ease of learning explains semantic universals}},
    year = {2020},
    journal = {Cognition},
    author = {Steinert-Threlkeld, Shane and Szymanik, Jakub},
    pages = {104076},
    volume = {195},
    publisher = {Elsevier},
    issn = {18737838},
    pmid = {31756684}
}

@incollection{Verheyen2018EducationDegree,
    title = {{Education as a Source of Vagueness in Criteria and Degree}},
    year = {2018},
    booktitle = {The {S}emantics of {G}radability, {S}cale {S}tructure and {V}agueness: {E}xperimental {P}erspectives},
    author = {Verheyen, Steven and Storms, Gert},
    editor = {Castroviejo, E. and McNally, L. and Sassoon, G.W.},
    pages = {149--167},
    publisher = {Springer},
}

@article{Michel2018EEGReview,
    title = {{EEG microstates as a tool for studying the temporal dynamics of whole-brain neuronal networks: A review}},
    year = {2018},
    journal = {NeuroImage},
    author = {Michel, Christoph M. and Koenig, Thomas},
    pages = {577--593},
    volume = {180},
    publisher = {Academic Press},
    issn = {1053-8119},
    pmid = {29196270},
    keywords = {Consciousness, EEG microstates, Metastability, Psychiatric disease, Resting state networks, State-dependent information processing}
}

@article{Berberyan2020Eeg-basedDecision-making,
    title = {{Eeg-based identification of evidence accumulation stages in decision-making}},
    year = {2020},
    journal = {Journal of Cognitive Neuroscience},
    author = {Berberyan, Hermine S. and van Maanen, Leendert and van Rijn, Hedderik and Borst, Jelmer},
    number = {3},
    pages = {510--527},
    volume = {33},
    publisher = {MIT Press Journals},
    issn = {15308898},
    pmid = {33326329},
    keywords = {Hermine S Berberyan, Jelmer Borst, Leendert van Maanen, MEDLINE, NCBI, NIH, NLM, National Center for Biotechnology Information, National Institutes of Health, National Library of Medicine, PubMed Abstract, doi:10.1162/jocn{\_}a{\_}01663, pmid:33326329}
}

@article{Delorme2004EEGLAB:Analysis,
    title = {{EEGLAB: An open source toolbox for analysis of single-trial EEG dynamics including independent component analysis}},
    year = {2004},
    journal = {Journal of Neuroscience Methods},
    author = {Delorme, Arnaud and Makeig, Scott},
    number = {1},
    pages = {9--21},
    volume = {134},
    publisher = {Elsevier},
    issn = {01650270},
    pmid = {15102499},
    keywords = {EEG, ERP, ICA, Matlab, Single-trial, Software, Spectral decomposition}
}

@article{Canham2010EffectsGraphics,
    title = {{Effects of knowledge and display design on comprehension of complex graphics}},
    year = {2010},
    journal = {Learning and Instruction},
    author = {Canham, Matt and Hegarty, Mary},
    number = {2},
    pages = {155--166},
    volume = {20},
    publisher = {Pergamon},
    issn = {0959-4752},
    keywords = {Display design, Eye fixations, Graphical comprehension, Meteorology instruction}
}

@article{Curtindale2019EffectsStimuli,
    title = {{Effects of multimodal synchrony on infant attention and heart rate during events with social and nonsocial stimuli}},
    year = {2019},
    journal = {Journal of Experimental Child Psychology},
    author = {Curtindale, Lori M. and Bahrick, Lorraine E. and Lickliter, Robert and Colombo, John},
    pages = {283--294},
    volume = {178},
    publisher = {Academic Press Inc.},
    issn = {00220965},
    keywords = {Heart rate, Infant attention, Intersensory perception, Intersensory redundancy, Social and nonsocial stimuli, Temporal synchrony}
}

@article{Moxey2006EffectsAccount,
    title = {{Effects of what is expected on the focussing properties of quantifiers: A test of the presupposition-denial account}},
    year = {2006},
    journal = {Journal of Memory and Language},
    author = {Moxey, Linda M.},
    number = {3},
    pages = {422--439},
    volume = {55},
    issn = {0749596X},
    keywords = {Denial of presupposition, Focus, Quantifiers}
}

@article{Bott2019Empty-SetInterpretation,
    title = {{Empty-Set Effects in Quantifier Interpretation}},
    year = {2019},
    journal = {Journal of Semantics},
    author = {Bott, Oliver and Schlotterbeck, Fabian and Klein, Udo},
    number = {1},
    pages = {99--163},
    volume = {36},
    publisher = {Oxford Academic},
    issn = {0167-5133}
}

@article{Delorme2007EnhancedAnalysis,
    title = {{Enhanced detection of artifacts in EEG data using higher-order statistics and independent component analysis}},
    year = {2007},
    journal = {NeuroImage},
    author = {Delorme, Arnaud and Sejnowski, Terrence and Makeig, Scott},
    pages = {1443--1449},
    volume = {34}
}

@article{Carreiras2007ERPVowels,
    title = {{ERP correlates of transposed-letter similarity effects: Are consonants processed differently from vowels?}},
    year = {2007},
    journal = {Neuroscience Letters},
    author = {Carreiras, Manuel and Vergara, Marta and Perea, Manuel},
    number = {3},
    pages = {219--224},
    volume = {419},
    issn = {03043940},
    pmid = {17507160},
    keywords = {Consonants and vowels, ERPs, Transposed-letters, Visual-word recognition}
}

@article{Tanner2014ERPsProcessing,
    title = {{ERPs reveal individual differences in morphosyntactic processing}},
    year = {2014},
    journal = {Neuropsychologia},
    author = {Tanner, Darren and Van Hell, Janet G.},
    number = {1},
    pages = {289--301},
    volume = {56},
    issn = {00283932},
    keywords = {ERPs, Familial sinistrality, Individual differences, LAN, Morphosyntax, N400, P600}
}

@book{vanBenthem1986EssaysSemantics,
    title = {{Essays in Logical Semantics}},
    year = {1986},
    author = {{\noopsort{Benthem}}{{van Benthem}}, Johan F.A.K.},
    series = {Studies in Linguistics and Philosophy},
    volume = {29},
    publisher = {Springer},
    address = {Dordrecht},
    isbn = {978-90-277-2092-4},
}

@article{Boehm2018EstimatingRecommendations,
    title = {{Estimating across-trial variability parameters of the Diffusion Decision Model: Expert advice and recommendations}},
    year = {2018},
    journal = {Journal of Mathematical Psychology},
    author = {Boehm, Udo and Annis, Jeffrey and Frank, Michael J. and Hawkins, Guy E. and Heathcote, Andrew and Kellen, David and Krypotos, Angelos Miltiadis and Lerche, Veronika and Logan, Gordon D. and Palmeri, Thomas J. and van Ravenzwaaij, Don and Servant, Mathieu and Singmann, Henrik and Starns, Jeffrey J. and Voss, Andreas and Wiecki, Thomas V. and Matzke, Dora and Wagenmakers, Eric Jan},
    pages = {46--75},
    volume = {87},
    publisher = {Academic Press Inc.},
    issn = {10960880},
    keywords = {Across-trial variability parameters, Diffusion Decision Model, Parameter estimation}
}

@article{Schwarz1978EstimatingModel.,
    title = {{Estimating the Dimension of a Model.}},
    year = {1978},
    journal = {The Annals of Statistics},
    author = {Schwarz, Gideon},
    number = {2},
    pages = {461 - 464},
    volume = {6},
    issn = {00905364}
}

@article{Aarts2015EstimatingScience,
    title = {{Estimating the reproducibility of psychological science}},
    year = {2015},
    journal = {Science},
    author = {Aarts, Alexander A. and Anderson, Joanna E. and Anderson, Christopher J. and Attridge, Peter R. and Attwood, Angela and Axt, Jordan and Babel, Molly and Bahn{\'{i}}k, Štěpán and Baranski, Erica and Barnett-Cowan, Michael and Bartmess, Elizabeth and Beer, Jennifer and Bell, Raoul and Bentley, Heather and Beyan, Leah and Binion, Grace and Borsboom, Denny and Bosch, Annick and Bosco, Frank A. and Bowman, Sara D. and Brandt, Mark J. and Braswell, Erin and Brohmer, Hilmar and Brown, Benjamin T. and Brown, Kristina and Br{\"{u}}ning, Jovita and Calhoun-Sauls, Ann and Callahan, Shannon P. and Chagnon, Elizabeth and Chandler, Jesse and Chartier, Christopher R. and Cheung, Felix and Christopherson, Cody D. and Cillessen, Linda and Clay, Russ and Cleary, Hayley and Cloud, Mark D. and Conn, Michael and Cohoon, Johanna and Columbus, Simon and Cordes, Andreas and Costantini, Giulio and Alvarez, Leslie D.Cramblet and Cremata, Ed and Crusius, Jan and DeCoster, Jamie and DeGaetano, Michelle A. and Penna, Nicolás Delia and Den Bezemer, Bobby and Deserno, Marie K. and Devitt, Olivia and Dewitte, Laura and Dobolyi, David G. and Dodson, Geneva T. and Donnellan, M. Brent and Donohue, Ryan and Dore, Rebecca A. and Dorrough, Angela and Dreber, Anna and Dugas, Michelle and Dunn, Elizabeth W. and Easey, Kayleigh and Eboigbe, Sylvia and Eggleston, Casey and Embley, Jo and Epskamp, Sacha and Errington, Timothy M. and Estel, Vivien and Farach, Frank J. and Feather, Jenelle and Fedor, Anna and Fern{\'{a}}ndez-Castilla, Belén and Fiedler, Susann and Field, James G. and Fitneva, Stanka A. and Flagan, Taru and Forest, Amanda L. and Forsell, Eskil and Foster, Joshua D. and Frank, Michael C. and Frazier, Rebecca S. and Fuchs, Heather and Gable, Philip and Galak, Jeff and Galliani, Elisa Maria and Gampa, Anup and Garcia, Sara and Gazarian, Douglas and Gilbert, Elizabeth and Giner-Sorolla, Roger and Gl{\"{o}}ckner, Andreas and Goellner, Lars and Goh, Jin X. and Goldberg, Rebecca and Goodbourn, Patrick T. and Gordon-McKeon, Shauna and Gorges, Bryan and Gorges, Jessie and Goss, Justin and Graham, Jesse and Grange, James A. and Gray, Jeremy and Hartgerink, Chris and Hartshorne, Joshua and Hasselman, Fred and Hayes, Timothy and Heikensten, Emma and Henninger, Felix and Hodsoll, John and Holubar, Taylor and Hoogendoorn, Gea and Humphries, Denise J. and Hung, Cathy O.Y. and Immelman, Nathali and Irsik, Vanessa C. and Jahn, Georg and J{\"{a}}kel, Frank and Jekel, Marc and Johannesson, Magnus and Johnson, Larissa G. and Johnson, David J. and Johnson, Kate M. and Johnston, William J. and Jonas, Kai and Joy-Gaba, Jennifer A. and Kappes, Heather Barry and Kelso, Kim and Kidwell, Mallory C. and Kim, Seung Kyung and Kirkhart, Matthew and Kleinberg, Bennett and Kne{\v{z}}evi{\'{c}}, Goran and Kolorz, Franziska Maria and Kossakowski, Jolanda J. and Krause, Robert Wilhelm and Krijnen, Job and Kuhlmann, Tim and Kunkels, Yoram K. and Kyc, Megan M. and Lai, Calvin K. and Laique, Aamir and Lakens, Daniël and Lane, Kristin A. and Lassetter, Bethany and Lazarevi{\'{c}}, Ljiljana B. and Le Bel, Etienne P. and Lee, Key Jung and Lee, Minha and Lemm, Kristi and Levitan, Carmel A. and Lewis, Melissa and Lin, Lin and Lin, Stephanie and Lippold, Matthias and Loureiro, Darren and Luteijn, Ilse and MacKinnon, Sean and Mainard, Heather N. and Marigold, Denise C. and Martin, Daniel P. and Martinez, Tylar and Masicampo, E. J. and Matacotta, Josh and Mathur, Maya and May, Michael and Mechin, Nicole and Mehta, Pranjal and Meixner, Johannes and Melinger, Alissa and Miller, Jeremy K. and Miller, Mallorie and Moore, Katherine and M{\"{o}}schl, Marcus and Motyl, Matt and M{\"{u}}ller, Stephanie M. and Munafo, Marcus and Neijenhuijs, Koen I. and Nervi, Taylor and Nicolas, Gandalf and Nilsonne, Gustav and Nosek, Brian A. and Nuijten, Michèle B. and Olsson, Catherine and Osborne, Colleen and Ostkamp, Lutz and Pavel, Misha and Penton-Voak, Ian S. and Perna, Olivia and Pernet, Cyril and Perugini, Marco and Pipitone, R. Nathan and Pitts, Michael and Plessow, Franziska and Prenoveau, Jason M. and Rahal, Rima Maria and Ratliff, Kate A. and Reinhard, David and Renkewitz, Frank and Ricker, Ashley A. and Rigney, Anastasia and Rivers, Andrew M. and Roebke, Mark and Rutchick, Abraham M. and Ryan, Robert S. and Sahin, Onur and Saide, Anondah and Sandstrom, Gillian M. and Santos, David and Saxe, Rebecca and Schlegelmilch, René and Schmidt, Kathleen and Scholz, Sabine and Seibel, Larissa and Selterman, Dylan Faulkner and Shaki, Samuel and Simpson, William B. and Sinclair, H. Colleen and Skorinko, Jeanine L.M. and Slowik, Agnieszka and Snyder, Joel S. and Soderberg, Courtney and Sonnleitner, Carina and Spencer, Nick and Spies, Jeffrey R. and Steegen, Sara and Stieger, Stefan and Strohminger, Nina and Sullivan, Gavin B. and Talhelm, Thomas and Tapia, Megan and Te Dorsthorst, Anniek and Thomae, Manuela and Thomas, Sarah L. and Tio, Pia and Traets, Frits and Tsang, Steve and Tuerlinckx, Francis and Turchan, Paul and Val{\'{a}}{\v{s}}ek, Milan and Van't Veer, Anna E. and Van Aert, Robbie and Van Assen, Marcel and Van Bork, Riet and Van De Ven, Mathijs and Van Den Bergh, Don and Van Der Hulst, Marije and Van Dooren, Roel and Van Doorn, Johnny and Van Renswoude, Daan R. and Van Rijn, Hedderik and Vanpaemel, Wolf and Echeverr{\'{i}}a, Alejandro Vásquez and Vazquez, Melissa and Velez, Natalia and Vermue, Marieke and Verschoor, Mark and Vianello, Michelangelo and Voracek, Martin and Vuu, Gina and Wagenmakers, Eric Jan and Weerdmeester, Joanneke and Welsh, Ashlee and Westgate, Erin C. and Wissink, Joeri and Wood, Michael and Woods, Andy and Wright, Emily and Wu, Sining and Zeelenberg, Marcel and Zuni, Kellylynn},
    number = {6251},
    volume = {349},
    publisher = {American Association for the Advancement of Science},
}

@article{Aarts2015EstimatingScienceb,
    title = {{Estimating the reproducibility of psychological science}},
    year = {2015},
    journal = {Science},
    author = {Aarts, Alexander A. and Anderson, Joanna E. and Anderson, Christopher J. and Attridge, Peter R. and Attwood, Angela and Axt, Jordan and Babel, Molly and Bahn{\'{i}}k, Štěpán and Baranski, Erica and Barnett-Cowan, Michael and Bartmess, Elizabeth and Beer, Jennifer and Bell, Raoul and Bentley, Heather and Beyan, Leah and Binion, Grace and Borsboom, Denny and Bosch, Annick and Bosco, Frank A. and Bowman, Sara D. and Brandt, Mark J. and Braswell, Erin and Brohmer, Hilmar and Brown, Benjamin T. and Brown, Kristina and Br{\"{u}}ning, Jovita and Calhoun-Sauls, Ann and Callahan, Shannon P. and Chagnon, Elizabeth and Chandler, Jesse and Chartier, Christopher R. and Cheung, Felix and Christopherson, Cody D. and Cillessen, Linda and Clay, Russ and Cleary, Hayley and Cloud, Mark D. and Conn, Michael and Cohoon, Johanna and Columbus, Simon and Cordes, Andreas and Costantini, Giulio and Alvarez, Leslie D.Cramblet and Cremata, Ed and Crusius, Jan and DeCoster, Jamie and DeGaetano, Michelle A. and Penna, Nicolás Delia and Den Bezemer, Bobby and Deserno, Marie K. and Devitt, Olivia and Dewitte, Laura and Dobolyi, David G. and Dodson, Geneva T. and Donnellan, M. Brent and Donohue, Ryan and Dore, Rebecca A. and Dorrough, Angela and Dreber, Anna and Dugas, Michelle and Dunn, Elizabeth W. and Easey, Kayleigh and Eboigbe, Sylvia and Eggleston, Casey and Embley, Jo and Epskamp, Sacha and Errington, Timothy M. and Estel, Vivien and Farach, Frank J. and Feather, Jenelle and Fedor, Anna and Fern{\'{a}}ndez-Castilla, Belén and Fiedler, Susann and Field, James G. and Fitneva, Stanka A. and Flagan, Taru and Forest, Amanda L. and Forsell, Eskil and Foster, Joshua D. and Frank, Michael C. and Frazier, Rebecca S. and Fuchs, Heather and Gable, Philip and Galak, Jeff and Galliani, Elisa Maria and Gampa, Anup and Garcia, Sara and Gazarian, Douglas and Gilbert, Elizabeth and Giner-Sorolla, Roger and Gl{\"{o}}ckner, Andreas and Goellner, Lars and Goh, Jin X. and Goldberg, Rebecca and Goodbourn, Patrick T. and Gordon-McKeon, Shauna and Gorges, Bryan and Gorges, Jessie and Goss, Justin and Graham, Jesse and Grange, James A. and Gray, Jeremy and Hartgerink, Chris and Hartshorne, Joshua and Hasselman, Fred and Hayes, Timothy and Heikensten, Emma and Henninger, Felix and Hodsoll, John and Holubar, Taylor and Hoogendoorn, Gea and Humphries, Denise J. and Hung, Cathy O.Y. and Immelman, Nathali and Irsik, Vanessa C. and Jahn, Georg and J{\"{a}}kel, Frank and Jekel, Marc and Johannesson, Magnus and Johnson, Larissa G. and Johnson, David J. and Johnson, Kate M. and Johnston, William J. and Jonas, Kai and Joy-Gaba, Jennifer A. and Kappes, Heather Barry and Kelso, Kim and Kidwell, Mallory C. and Kim, Seung Kyung and Kirkhart, Matthew and Kleinberg, Bennett and Kne{\v{z}}evi{\'{c}}, Goran and Kolorz, Franziska Maria and Kossakowski, Jolanda J. and Krause, Robert Wilhelm and Krijnen, Job and Kuhlmann, Tim and Kunkels, Yoram K. and Kyc, Megan M. and Lai, Calvin K. and Laique, Aamir and Lakens, Daniël and Lane, Kristin A. and Lassetter, Bethany and Lazarevi{\'{c}}, Ljiljana B. and Le Bel, Etienne P. and Lee, Key Jung and Lee, Minha and Lemm, Kristi and Levitan, Carmel A. and Lewis, Melissa and Lin, Lin and Lin, Stephanie and Lippold, Matthias and Loureiro, Darren and Luteijn, Ilse and MacKinnon, Sean and Mainard, Heather N. and Marigold, Denise C. and Martin, Daniel P. and Martinez, Tylar and Masicampo, E. J. and Matacotta, Josh and Mathur, Maya and May, Michael and Mechin, Nicole and Mehta, Pranjal and Meixner, Johannes and Melinger, Alissa and Miller, Jeremy K. and Miller, Mallorie and Moore, Katherine and M{\"{o}}schl, Marcus and Motyl, Matt and M{\"{u}}ller, Stephanie M. and Munafo, Marcus and Neijenhuijs, Koen I. and Nervi, Taylor and Nicolas, Gandalf and Nilsonne, Gustav and Nosek, Brian A. and Nuijten, Michèle B. and Olsson, Catherine and Osborne, Colleen and Ostkamp, Lutz and Pavel, Misha and Penton-Voak, Ian S. and Perna, Olivia and Pernet, Cyril and Perugini, Marco and Pipitone, R. Nathan and Pitts, Michael and Plessow, Franziska and Prenoveau, Jason M. and Rahal, Rima Maria and Ratliff, Kate A. and Reinhard, David and Renkewitz, Frank and Ricker, Ashley A. and Rigney, Anastasia and Rivers, Andrew M. and Roebke, Mark and Rutchick, Abraham M. and Ryan, Robert S. and Sahin, Onur and Saide, Anondah and Sandstrom, Gillian M. and Santos, David and Saxe, Rebecca and Schlegelmilch, René and Schmidt, Kathleen and Scholz, Sabine and Seibel, Larissa and Selterman, Dylan Faulkner and Shaki, Samuel and Simpson, William B. and Sinclair, H. Colleen and Skorinko, Jeanine L.M. and Slowik, Agnieszka and Snyder, Joel S. and Soderberg, Courtney and Sonnleitner, Carina and Spencer, Nick and Spies, Jeffrey R. and Steegen, Sara and Stieger, Stefan and Strohminger, Nina and Sullivan, Gavin B. and Talhelm, Thomas and Tapia, Megan and Te Dorsthorst, Anniek and Thomae, Manuela and Thomas, Sarah L. and Tio, Pia and Traets, Frits and Tsang, Steve and Tuerlinckx, Francis and Turchan, Paul and Val{\'{a}}{\v{s}}ek, Milan and Van't Veer, Anna E. and Van Aert, Robbie and Van Assen, Marcel and Van Bork, Riet and Van De Ven, Mathijs and Van Den Bergh, Don and Van Der Hulst, Marije and Van Dooren, Roel and Van Doorn, Johnny and Van Renswoude, Daan R. and Van Rijn, Hedderik and Vanpaemel, Wolf and Echeverr{\'{i}}a, Alejandro Vásquez and Vazquez, Melissa and Velez, Natalia and Vermue, Marieke and Verschoor, Mark and Vianello, Michelangelo and Voracek, Martin and Vuu, Gina and Wagenmakers, Eric Jan and Weerdmeester, Joanneke and Welsh, Ashlee and Westgate, Erin C. and Wissink, Joeri and Wood, Michael and Woods, Andy and Wright, Emily and Wu, Sining and Zeelenberg, Marcel and Zuni, Kellylynn},
    number = {6251},
    volume = {349},
    publisher = {American Association for the Advancement of Science},
    issn = {10959203},
    pmid = {26315443}
}

@article{Luck2000Event-relatedAttention,
    title = {{Event-related potential studies of attention}},
    year = {2000},
    journal = {Trends in Cognitive Sciences},
    author = {Luck, Steven J. and Woodman, Geoffrey F. and Vogel, Edward K.},
    number = {11},
    pages = {432--440},
    volume = {4},
    publisher = {Trends Cogn Sci},
    issn = {1879-307X},
    pmid = {11058821},
    keywords = {EK Vogel, GF Woodman, MEDLINE, NCBI, NIH, NLM, National Center for Biotechnology Information, National Institutes of Health, National Library of Medicine, PubMed Abstract, SJ Luck, doi:10.1016/s1364-6613(00)01545-x, pmid:11058821}
}

@article{Delogu2019Event-relatedComprehension,
    title = {{Event-related potentials index lexical retrieval (N400) and integration (P600) during language comprehension}},
    year = {2019},
    journal = {Brain and Cognition},
    author = {Delogu, Francesca and Brouwer, Harm and Crocker, Matthew W.},
    pages = {103569},
    volume = {135},
    publisher = {Academic Press Inc.},
    issn = {10902147},
    pmid = {31202158},
    keywords = {Discourse comprehension, Event-Related Potentials (ERPs), N400, P600, Semantic integration}
}

@article{Anders2015EvidenceSelection,
    title = {{Evidence accumulation as a model for lexical selection}},
    year = {2015},
    journal = {Cognitive Psychology},
    author = {Anders, R. and Ri{\`{e}}s, S. and van Maanen, L. and Alario, F. X.},
    pages = {57--73},
    volume = {82},
    publisher = {Academic Press Inc.},
    issn = {00100285},
    pmid = {26375509},
    keywords = {Lexical retrieval, Neural network models, Psychometrics, Response time analysis, Sequential sampling, Shifted Wald}
}

@article{Sasanguie2017EvidenceNumber.,
    title = {{Evidence for distinct magnitude systems for symbolic and non-symbolic number.}},
    year = {2017},
    journal = {Psychological research},
    author = {Sasanguie, Delphine and De Smedt, Bert and Reynvoet, Bert},
    number = {1},
    pages = {231--242},
    volume = {81},
    issn = {1430-2772},
    pmid = {26708496}
}

@article{Dragone2018ExpectancyAttention,
    title = {{Expectancy modulates pupil size during endogenous orienting of spatial attention}},
    year = {2018},
    journal = {Cortex},
    author = {Dragone, Alessio and Lasaponara, Stefano and Pinto, Mario and Rotondaro, Francesca and De Luca, Maria and Doricchi, Fabrizio},
    pages = {57--66},
    volume = {102},
    publisher = {Masson SpA},
    issn = {19738102},
    keywords = {Expectancy, Noradrenaline, Posner task, Pupil dilation, Spatial attention}
}

@article{Fernando1996ExpectingMany,
    title = {{Expecting Many}},
    year = {1996},
    journal = {Semantics and Linguistic Theory},
    author = {Fernando, Tim and Kamp, Hans},
    pages = {53},
    volume = {6},
}

@article{Oostenveld2011FieldTrip:Data,
    title = {{FieldTrip: Open source software for advanced analysis of MEG, EEG, and invasive electrophysiological data}},
    year = {2011},
    journal = {Computational Intelligence and Neuroscience},
    author = {Oostenveld, Robert and Fries, Pascal and Maris, Eric and Schoffelen, Jan Mathijs},
    volume = {2011},
    publisher = {Hindawi Limited},
    issn = {16875273},
    pmid = {21253357}
}

@article{Lindstrom1966FirstQuantifiers,
    title = {{First Order Predicate Logic with Generalized Quantifiers}},
    year = {1966},
    journal = {Theoria},
    author = {Lindstr{\"{o}}m, Per},
    number = {3},
    pages = {186--195},
    volume = {32},
    publisher = {John Wiley {\&} Sons, Ltd},
    issn = {1755-2567}
}

@article{Bates2015FittingLme4,
    title = {{Fitting linear mixed-effects models using lme4}},
    year = {2015},
    journal = {Journal of Statistical Software},
    author = {Bates, Douglas and M{\"{a}}chler, Martin and Bolker, Benjamin M. and Walker, Steven C.},
    number = {1},
    volume = {67},
    publisher = {American Statistical Association},
    keywords = {Cholesky decomposition, Linear mixed models, Penalized least squares, Sparse matrix methods}
}

@article{Voss2011FN400Testing,
    title = {{FN400 potentials are functionally identical to N400 potentials and reflect semantic processing during recognition testing}},
    year = {2011},
    journal = {Psychophysiology},
    author = {Voss, Joel L. and Federmeier, Kara D.},
    number = {4},
    pages = {532},
    volume = {48},
    publisher = {NIH Public Access},
    issn = {00485772},
    pmid = {20701709},
    keywords = {EEG/ERP, Language/speech, Learning/memory, Normal volunteers}
}

@article{Ruff1996FocusedInfants,
    title = {{Focused visual attention and distractibility in 10-month-old infants}},
    year = {1996},
    journal = {Infant Behavior and Development},
    author = {Ruff, Holly A. and Capozzoli, Mary and Saltarelli, Lisa M.},
    number = {3},
    pages = {281--293},
    volume = {19},
    publisher = {Elsevier Ltd},
    issn = {01636383},
    keywords = {Attention, Distractibility, Distractor condition, Exploration state of engagement, No distractor condition}
}

@article{Dambacher2006FrequencyReading,
    title = {{Frequency and predictability effects on event-related potentials during reading}},
    year = {2006},
    journal = {Brain Research},
    author = {Dambacher, Michael and Kliegl, Reinhold and Hofmann, Markus and Jacobs, Arthur M.},
    number = {1},
    pages = {89--103},
    volume = {1084},
    publisher = {Elsevier},
    issn = {0006-8993},
    pmid = {16545344},
    keywords = {Event-related potentials, Lexical access, Reading, Repeated measures multiple regression analysis, Word frequency, Word predictability}
}

@misc{Schlotterbeck2017FromTheory,
    title = {{From truth conditions to processes: how to model the processing difficulty of quantified sentences based on semantic theory}},
    year = {2017},
    author = {Schlotterbeck, Fabian},
}

@article{Ambrosini2013FunctionalNetworks,
    title = {{Functional specificity of the locus coeruleus-norepinephrine system in the attentional networks}},
    year = {2013},
    journal = {Frontiers in Behavioral Neuroscience},
    author = {Ambrosini, Ettore and Vastano, Roberta and Montefinese, Maria and Ciavarro, Marco},
    pages = {201},
    volume = {7},
    publisher = {Frontiers Media SA},
    issn = {1662-5153},
    keywords = {adaptive gain theory, attention, locus coeruleus, norepinephrine, pupil response}
}

@book{Hanlbleton1991FundamentalsData,
    title = {{Fundamentals of Item Response Theory}},
    year = {1991},
    publisher = {Sage Publications},
    address = {Newbury Park},
    author = {Hanlbleton, Ronald K and Swaminathan, H and Rogers, H Jane},
    isbn = {080393646X}
}

@book{Glockner2006FuzzyQuantifiers,
    title = {{Fuzzy Quantifiers: A Computational Theory}},
    year = {2006},
    booktitle = {Fuzzy Quantifiers},
    author = {Gl{\"{o}}ckner, Ingo},
    publisher = {Springer},
    address = {Berlin, Heidelberg},
}

@article{Barwise1981GeneralizedLanguage,
    title = {{Generalized quantifiers and natural language}},
    year = {1981},
    journal = {Linguistics and Philosophy},
    author = {Barwise, Jon and Cooper, Robin},
    number = {2},
    pages = {159--219},
    volume = {4},
    publisher = {Kluwer Academic Publishers},
    issn = {01650157}
}

@article{Brouwer2012GettingComprehension,
    title = {{Getting real about Semantic Illusions: Rethinking the functional role of the P600 in language comprehension}},
    year = {2012},
    journal = {Brain Research},
    author = {Brouwer, Harm and Fitz, Hartmut and Hoeks, John},
    pages = {127--143},
    volume = {1446},
    issn = {00068993},
    pmid = {22361114},
    keywords = {Memory retrieval, N400, Semantic Illusion, Semantic P600, Sentence comprehension}
}

@article{Ratcliff1979GroupStatistics,
    title = {{Group reaction time distributions and an analysis of distribution statistics}},
    year = {1979},
    journal = {Psychological Bulletin},
    author = {Ratcliff, Roger},
    number = {3},
    pages = {446--461},
    volume = {86},
    issn = {00332909},
    pmid = {451109},
    keywords = {group RT distributions {\&} distribution characteristics}
}

@book{Keenan2012HandbookLanguage,
    title = {{Handbook of Quantifiers in Natural Language}},
    year = {2012},
    booktitle = {Studies in Linguistics and Philosophy},
    author = {Keenan, Edward L. and Paperno, Denis},
    volume = {90},
    publisher = {Springer Science and Business Media B.V.},
    issn = {2215034X},
    keywords = {A-quantifiers, Cardinal, Co-cardinal, Co-intersective (universal), D-quantifiers, Definite quantifiers, Intersective (existential), Non-isomorphic, Partitive quantifiers, Proportionality quantifiers, Quantifier float, Semantic}
}

@article{Lansink1997HeartExploration,
    title = {{Heart Rate and Behavioral Measures of Attention in Six-, Nine-, and Twelve-Month-Old Infants during Object Exploration}},
    year = {1997},
    journal = {Child Development},
    author = {Lansink, Jeffrey M. and Richards, John E.},
    number = {4},
    pages = {610--620},
    volume = {68},
    publisher = {Blackwell Publishing Inc.},
    issn = {00093920},
    pmid = {9306641}
}

@article{A2019HolisticAttention,
    title = {{Holistic Reinforcement Learning: The Role of Structure and Attention}},
    year = {2019},
    journal = {Trends in cognitive sciences},
    author = {A, Radulescu and Y, Niv and I, Ballard},
    number = {4},
    pages = {278--292},
    volume = {23},
    publisher = {Trends Cogn Sci},
    issn = {1879-307X},
    pmid = {30824227},
    keywords = {Angela Radulescu, Attention / physiology*, Biological*, Decision Making / physiology*, Extramural, Humans, Ian Ballard, MEDLINE, Models, N.I.H., NCBI, NIH, NLM, National Center for Biotechnology Information, National Institutes of Health, National Library of Medicine, Non-P.H.S., PMC6472955, Psychology*, PubMed Abstract, Reinforcement, Research Support, Review, U.S. Gov't, Yael Niv, doi:10.1016/j.tics.2019.01.010, pmid:30824227}
}

@article{Guest2020HowScience,
    title = {{How computational modeling can force theory building in psychological science}},
    year = {2021},
    author = {Guest, Olivia and Martin, Andrea},
    journal = {Perspectives on psychological science : a journal of the Association for Psychological Science},
    pages = {789–802},
    volume = {16},
    number = {4},
    keywords = {cognitive science, computational model, open science, path function, pedagogy, philosophy of science, psychology, replicability, reproducibility, research methods, scientific inference, theoretical psychology}
}

@article{Dudschig2018HowAccount,
    title = {{How does "Not Left" Become "Right"? Electrophysiological evidence for a dynamic conflict-bound negation processing account}},
    year = {2018},
    journal = {Journal of Experimental Psychology: Human Perception and Performance},
    author = {Dudschig, Carolin and Kaup, Barbara},
    number = {5},
    pages = {716--728},
    volume = {44},
    publisher = {American Psychological Association Inc.},
    issn = {19391277},
    pmid = {29154622},
    keywords = {Conflict, EEG/ERP, LRP, Language, Negation}
}

@inproceedings{Scholler2016HowModels,
    title = {{How many manys? Exploring semantic theories with data-driven computational models}},
    year = {2016},
    booktitle = {Proceedings of {S}inn und {B}edeutung 20},
    author = {Sch{\"{o}}ller, Anthea and Franke, Michael},
    pages = {622--639},
    editor = {Bade, Nadine and Berezovskaya, Polina and Sch{\"{o}}ller, Anthea},
    keywords = {ambiguity, computational modeling, context, experimental data, many, quantifiers}
}

@misc{HowBedeutung,
    title = {{How many manys? Exploring semantic theories with data-driven computational models | Proceedings of Sinn und Bedeutung}},
}

@article{Lerche2017HowCriteria,
    title = {{How many trials are required for parameter estimation in diffusion modeling? A comparison of different optimization criteria}},
    year = {2017},
    journal = {Behavior Research Methods},
    author = {Lerche, Veronika and Voss, Andreas and Nagler, Markus},
    number = {2},
    pages = {513--537},
    volume = {49},
    publisher = {Springer New York LLC},
    issn = {15543528},
    pmid = {27287445},
    keywords = {Diffusion model, Fast-dm, Mathematical models, Reaction time methods}
}

@article{Hammerton1976HowPart,
    title = {{How much is a large part?}},
    year = {1976},
    journal = {Applied Ergonomics},
    author = {Hammerton, M.},
    number = {1},
    pages = {10--12},
    volume = {7},
    issn = {00036870}
}

@article{Collins2012HowAnalysis,
    title = {{How much of reinforcement learning is working memory, not reinforcement learning? A behavioral, computational, and neurogenetic analysis}},
    year = {2012},
    journal = {European Journal of Neuroscience},
    author = {Collins, Anne G. E. and Frank, Michael J.},
    number = {7},
    pages = {1024--1035},
    volume = {35},
    publisher = {John Wiley {\&} Sons, Ltd},
    issn = {1460-9568},
    keywords = {basal ganglia, capacity, human, prefrontal cortex, striatum}
}

@article{Kramer2005HowProbabilities,
    title = {{How to confuse with statistics or: The use and misuse of conditional probabilities}},
    year = {2005},
    journal = {Statistical Science},
    author = {Kr{\"{a}}mer, Walter and Gigerenzer, Gerd},
    number = {3},
    pages = {223--230},
    volume = {20},
    publisher = {Institute of Mathematical Statistics},
    issn = {08834237},
    keywords = {Conditional probabilities, Heuristical reasoning, Natural frequencies}
}

@article{Heim2015Ifmany,
    title = {{If so many are "few", how few are "many"?}},
    year = {2015},
    journal = {Frontiers in Psychology},
    author = {Heim, Stefan and McMillan, Corey T. and Clark, Robin and Golob, Stephanie and Min, Nam Eun and Olm, Christopher and Powers, John and Grossman, Murray},
    volume = {6},
    publisher = {Frontiers Research Foundation},
    issn = {16641078}
}

@article{DeJong1990InProcesses,
    title = {{In search of the point of no return: the control of response processes}},
    year = {1990},
    journal = {Journal of experimental psychology. Human perception and performance},
    author = {De Jong, Ritske and Coles, Michael G.H. and Logan, Gordon D. and Gratton, Gabriele},
    number = {1},
    pages = {164--182},
    volume = {16},
    publisher = {J Exp Psychol Hum Percept Perform},
    issn = {0096-1523},
    pmid = {2137517},
    keywords = {Adult, Arousal*, Attention*, Electroencephalography, Electromyography, Female, Gabriele Gratton, Humans, MEDLINE, Male, Michael G H Coles, NCBI, NIH, NLM, National Center for Biotechnology Information, National Institutes of Health, National Library of Medicine, P.H.S., Psychology, Psychomotor Performance*, PubMed Abstract, Reaction Time*, Research Support, Ritske de Jong, Set, U.S. Gov't, doi:10.1037/0096-1523.16.1.164, pmid:2137517}
}

@article{Bott2017IncrementalQuantifiers.,
    title = {{Incremental generation of answers during the comprehension of questions with quantifiers.}},
    year = {2017},
    journal = {Cognition},
    author = {Bott, Oliver and Augurzky, Petra and Sternefeld, Wolfgang and Ulrich, Rolf},
    pages = {328--343},
    volume = {166},
    issn = {1873-7838},
    pmid = {28599167},
    keywords = {Answer preparation, Context integration, Incrementality, Probe RT task, Quantifier interpretation, Quantifier restriction}
}

@article{Barlow2013IndividualGrammar,
    title = {{Individual differences and usage-based grammar}},
    year = {2013},
    journal = {International Journal of Corpus Linguistics},
    author = {Barlow, Michael},
    number = {4},
    pages = {443--478},
    volume = {18},
    issn = {1384-6655},
    keywords = {idiolect, production, usage, variation}
}

@article{Reuter2018IndividualInfancy,
    title = {{Individual differences in nonverbal prediction and vocabulary size in infancy}},
    year = {2018},
    journal = {Cognition},
    author = {Reuter, Tracy and Emberson, Lauren and Romberg, Alexa and Lew-Williams, Casey},
    pages = {215--219},
    volume = {176},
    publisher = {Elsevier B.V.},
    issn = {18737838},
    keywords = {Individual differences, Language development, Learning, Nonverbal, Prediction, Visual}
}

@article{Pexman2018IndividualProject,
    title = {{Individual differences in semantic processing: Insights from the Calgary Semantic Decision Project}},
    year = {2018},
    journal = {Journal of Experimental Psychology: Learning Memory and Cognition},
    author = {Pexman, Penny M. and Yap, Melvin J.},
    number = {7},
    pages = {1091--1112},
    volume = {44},
    publisher = {American Psychological Association Inc.},
    issn = {02787393},
    keywords = {Abstract words, Concrete words, Individual differences, Semantic decision, Visual word recognition}
}


@article{RamotowskaIndividualHalf,
    title = {{Individual differences in semantic representations: The case of most and more than half [Unpublished manuscript]}},
    year = {2020},
    author = {Ramotowska, Sonia and Steinert-Threlkeld, Shane and van Maanen, Leendert and Szymanik, Jakub},
    keywords = {Diffusion Decision Model, generalized quantifiers, individual differences, semantic representations}
}

@misc{Ramotowskathesis,
    title = {{Quantifying quantifier representations: Experimental studies, computational modeling, and individual differences}},
    year = {2022},
    author = {Ramotowska, Sonia},
}

@article{Olkoniemi2016IndividualMovements.,
    title = {{Individual differences in the processing of written sarcasm and metaphor: Evidence from eye movements.}},
    year = {2016},
    journal = {Journal of experimental psychology. Learning, memory, and cognition},
    author = {Olkoniemi, Henri and Ranta, Henri and Kaakinen, Johanna K},
    number = {3},
    pages = {433--50},
    volume = {42},
    issn = {1939-1285},
    pmid = {26371496}
}

@article{Yap2012IndividualProject,
    title = {{Individual differences in visual word recognition: Insights from the English Lexicon Project}},
    year = {2012},
    journal = {Journal of Experimental Psychology: Human Perception and Performance},
    author = {Yap, Melvin J. and Balota, David A. and Sibley, Daragh E. and Ratcliff, Roger},
    number = {1},
    pages = {53--79},
    volume = {38},
    issn = {00961523},
    pmid = {21728459},
    keywords = {Diffusion model, Ex-Gaussian analysis, Individual differences, Response time distributional analysis, Visual word recognition}
}

@article{Yap2012IndividualProjectb,
    title = {{Individual differences in visual word recognition: Insights from the English Lexicon Project}},
    year = {2012},
    journal = {Journal of Experimental Psychology: Human Perception and Performance},
    author = {Yap, Melvin J. and Balota, David A. and Sibley, Daragh E. and Ratcliff, Roger},
    number = {1},
    pages = {53--79},
    volume = {38},
    issn = {00961523},
    keywords = {Diffusion model, Ex-Gaussian analysis, Individual differences, Response time distributional analysis, Visual word recognition}
}

@article{Ratcliff2010IndividualTasks,
    title = {{Individual differences, aging, and IQ in two-choice tasks}},
    year = {2010},
    journal = {Cognitive Psychology},
    author = {Ratcliff, Roger and Thapar, Anjali and McKoon, Gail},
    number = {3},
    pages = {127--157},
    volume = {60},
    issn = {00100285},
    pmid = {19962693},
    keywords = {Aging, Diffusion model, IQ, Individual differences, Reaction time}
}

@article{Ratcliff2010IndividualTasksb,
    title = {{Individual differences, aging, and IQ in two-choice tasks}},
    year = {2010},
    journal = {Cognitive Psychology},
    author = {Ratcliff, Roger and Thapar, A and McKoon, G},
    number = {3},
    pages = {127--157},
    volume = {60},
    issn = {00100285},
    pmid = {19962693}
}

@article{Schmidtke2018IndividualWords,
    title = {{Individual variability in the semantic processing of english compound words}},
    year = {2018},
    journal = {Journal of Experimental Psychology: Learning Memory and Cognition},
    author = {Schmidtke, Daniel and Van Dyke, Julie A. and Kuperman, Victor},
    number = {3},
    pages = {421--439},
    volume = {44},
    publisher = {American Psychological Association Inc.},
    issn = {02787393},
    pmid = {28933895},
    keywords = {Compound word recognition, Eye-tracking, Individual differences, Morphology, Naive discriminative learning}
}

@incollection{Akaike1998InformationPrinciple,
    title = {{Information Theory and an Extension of the Maximum Likelihood Principle}},
    year = {1998},
    booktitle = {Selected {P}apers of {H}irotugu {A}kaike. {S}pringer {S}eries in {S}tatistics ({P}erspectives in {S}tatistics).},
    author = {Akaike, Hirotogu},
    editor = {Parzen E., Tanabe K., Kitagawa G.},
    pages = {199--213},
    publisher = {Springer, New York, NY},
}

@incollection{Douven2019Rationality,
    title = {{The Rationality of Vagueness}},
    year = {2019},
    booktitle = {Vagueness and {R}ationality in {L}anguage {U}se and {C}ognition. {L}anguage, {C}ognition, and {M}ind},
    author = {Douven, Igor},
    editor = {Dietz, R},
    pages = {115–-134},
    volume = {5},
    publisher = {Springer, Cham},
}


@article{Douven2019naturalconcepts,
    title = {{What are natural concepts? A design perspective}},
    year = {2019},
    journal = {Mind \& Language},
    author = {Douven, Igor and G\"{a}rdenfors, Peter},
    number = {35},
    volume = {3},
    pages = {313--334},

}

@article{Palaz2020InformativeN400-blind,
    title = {{Informative use of “not” is N400-blind}},
    year = {2020},
    journal = {Psychophysiology},
    author = {Palaz, Bilge and Rhodes, Ryan and Hestvik, Arild},
    number = {12},
    volume = {57},
    publisher = {Blackwell Publishing Inc.},
    issn = {14698986},
    pmid = {32876958},
    keywords = {ERPs, N400, negation, non-incremental processing, pragmatic licensing}
}

@article{Hagoort2004IntegrationComprehension,
    title = {{Integration of Word Meaning and World Knowledge in Language Comprehension}},
    year = {2004},
    journal = {Science},
    author = {Hagoort, Peter and Hald, Lea and Bastiaansen, Marcel and Petersson, Karl Magnus},
    number = {5669},
    pages = {438--441},
    volume = {304},
    issn = {00368075},
    pmid = {15031438}
}

@article{Spychalska2016InvestigatingPotentials,
    title = {{Investigating scalar implicatures in a truth-value judgement task: Evidence from event-related brain potentials}},
    year = {2016},
    journal = {Language, Cognition and Neuroscience},
    author = {Spychalska, Maria and Kontinen, Jarmo and Werning, Markus},
    number = {6},
    pages = {817--840},
    volume = {31},
    publisher = {Routledge},
    issn = {23273801},
    keywords = {AQ, N400, P600, Scalar implicatures, Truth-value judgement}
}

@article{Perry2017IsRepresentations,
    title = {{Is a Pink Cow Still a Cow? Individual Differences in Toddlers' Vocabulary Knowledge and Lexical Representations}},
    year = {2017},
    journal = {Cognitive Science},
    author = {Perry, Lynn K. and Saffran, Jenny R.},
    number = {4},
    pages = {1090--1105},
    volume = {41},
    publisher = {Wiley-Blackwell Publishing},
    issn = {15516709},
    keywords = {Individual differences, Language development, Lexical representation, Object recognition, Vocabulary}
}

@article{Perry2017IsRepresentationsb,
    title = {{Is a Pink Cow Still a Cow? Individual Differences in Toddlers' Vocabulary Knowledge and Lexical Representations}},
    year = {2017},
    journal = {Cognitive Science},
    author = {Perry, Lynn K. and Saffran, Jenny R.},
    number = {4},
    pages = {1090--1105},
    volume = {41},
    publisher = {Wiley-Blackwell Publishing},
    issn = {15516709},
    keywords = {Individual differences, Language development, Lexical representation, Object recognition, Vocabulary}
}

@article{Troiani2009IsQuantifiers,
    title = {{Is it logical to count on quantifiers? Dissociable neural networks underlying numerical and logical quantifiers}},
    year = {2009},
    journal = {Neuropsychologia},
    author = {Troiani, Vanessa and Peelle, Jonathan E. and Clark, Robin and Grossman, Murray},
    number = {1},
    pages = {104--111},
    volume = {47},
    publisher = {Pergamon},
    issn = {0028-3932},
    pmid = {18789346},
    keywords = {Comprehension, Number, Semantic memory, fMRI}
}

@article{Kemp2012KinshipPrinciples,
    title = {{Kinship categories across languages reflect general communicative principles}},
    year = {2012},
    journal = {Science},
    author = {Kemp, Charles and Regier, Terry},
    number = {6084},
    pages = {1049--1054},
    volume = {336},
    publisher = {American Association for the Advancement of Science},
}

@article{Hagoort1993LanguageProcessing,
    title = {{Language and Cognitive Processes The syntactic positive shift (sps) as an erp measure of syntactic processing The Syntactic Positive Shift (SPS) as an ERP Measure of Syntactic Processing}},
    year = {1993},
    journal = {Language and Cognitive Processes},
    author = {Hagoort, Peter and Brown, Colin and Groothusen, Jolanda},
    number = {4},
    pages = {439--483},
    volume = {8},
    issn = {1464-0732}
}

@article{Martin2016LanguageNeurophysiology,
    title = {{Language Processing as Cue Integration: Grounding the Psychology of Language in Perception and Neurophysiology}},
    year = {2016},
    journal = {Frontiers in Psychology},
    author = {Martin, Andrea E.},
    pages = {120},
    volume = {7},
    publisher = {Frontiers Media SA},
    issn = {16641078},
    keywords = {Cue-based retrieval, Language comprehension, cue integration, neurobiology of language, sentence processing}
}

@incollection{Swaab2011Language-RelatedComponents,
    title = {{Language-Related ERP Components}},
    year = {2011},
    booktitle = {The {O}xford {H}andbook of {E}vent-{R}elated {P}otential {C}omponents},
    author = {Swaab, Tamara Y. and Ledoux, Kerry and Camblin, C. Christine and Boudewyn, Megan A.},
    publisher = {Oxford University Press},
    editor = {Kappenman, Emily S. and Luck, Steven J.},
    isbn = {9780199940356},
    keywords = {Discourse processing, Event-related potentials, Lexical processing, N400, Non-literal language, Nref, P600, Sentence processing}
}

@article{Steinert-Threlkeld2019LearnabilityUniversals,
    title = {{Learnability and semantic universals}},
    year = {2019},
    journal = {Semantics and Pragmatics},
    author = {Steinert-Threlkeld, Shane and Szymanik, Jakub},
    number = {4},
    pages = {1},
    volume = {12},
    issn = {1937-8912},
    keywords = {conservativity, generalized quantifiers, learnability, monotonicity, neural networks, quantity, semantic universals}
}

@article{ODoherty2017LearningMaking,
    title = {{Learning, Reward, and Decision Making}},
    year = {2017},
    journal = {http://dx.doi.org/10.1146/annurev-psych-010416-044216},
    author = {O'Doherty, John P. and Cockburn, Jeffrey and Pauli, Wolfgang M.},
    pages = {73--100},
    volume = {68},
    publisher = {Annual Reviews},
    keywords = {Pavlovian, cognitive map, instrumental, model based, model free, outcome valuation}
}

@article{Thornhill2012LexicalComponents,
    title = {{Lexical versus conceptual anticipation during sentence processing: Frontal positivity and N400 ERP components}},
    year = {2012},
    journal = {International Journal of Psychophysiology},
    author = {Thornhill, Dianne E. and van Petten, Cyma},
    number = {3},
    pages = {382--392},
    volume = {83},
    publisher = {Elsevier},
    issn = {01678760},
    pmid = {22226800},
    keywords = {ERPs, Frontal positivity, N400, Prediction, Sentence processing}
}

@article{Osth2017LikelihoodMemory,
    title = {{Likelihood ratio sequential sampling models of recognition memory}},
    year = {2017},
    journal = {Cognitive Psychology},
    author = {Osth, Adam F. and Dennis, Simon and Heathcote, Andrew},
    pages = {101--126},
    volume = {92},
    publisher = {Academic Press},
    issn = {0010-0285},
    pmid = {27918908}
}

@article{Kuznetsova2017LmerTestModels,
    title = {{lmerTest Package: Tests in Linear Mixed Effects Models}},
    year = {2017},
    journal = {Journal of Statistical Software},
    author = {Kuznetsova, Alexandra and Brockhoff, Per B. and Christensen, Rune H. B.},
    number = {13},
    volume = {82},
    publisher = {Foundation for Open Access Statistic},
    issn = {1548-7660}
}

@inproceedings{Degen2014LostPragmatics,
    title = {{Lost your marbles? The puzzle of dependent measures in experimental pragmatics}},
    year = {2014},
    booktitle = {Proceedings of the 36th {A}nnual {C}onference of the {C}ognitive {S}cience {S}ociety},
    author = {Degen, Judith and Goodman, Noah D},
    pages = {397--402},
    editor = {Bello, P. and Guarini, M. and McShane, M. and Scassellati, B.},
    address = {Austin TX},
    publisher = {Cognitive Science Society},
    keywords = {pragmatics, psycholinguistics, scalar implicature}
}

@misc{Bonnefon2020MachineSlow,
    title = {{Machine Thinking, Fast and Slow}},
    year = {2020},
    booktitle = {Trends in Cognitive Sciences},
    author = {Bonnefon, Jean François and Rahwan, Iyad},
    number = {12},
    pages = {1019--1027},
    volume = {24},
    issn = {1879307X},
    pmid = {33129719},
    keywords = {algorithm aversion, artificial intelligence, dual-process, machine behavior, machine ethics, trust}
}

@inproceedings{Partee1988ManyQuantifiers,
    title = {{Many Quantifiers}},
    year = {1989},
    booktitle = {ESCOL 89: Proceedings of the {E}astern {S}tates {C}onference on {L}inguistics},
    author = {Partee, B},
    address = { Columbus, OH},
    pages = {241--258},
    publisher = {Department of Linguistics, Ohio State University},
    editor = {Powers, Joyce and de Jong, Kenneth},
    isbn = {9781405109345},
    keywords = {Ambiguity, Quantifiers, few, many, small}
}

@inproceedings{Partee1989ManyQuantifiers,
    title = {{Many {\{}Q{\}}uantifiers}},
    year = {1989},
    booktitle = {Proceedings of Fifth {\{}ESCOL{\}}},
    author = {Partee, Barbara Hall},
    pages = {383--402}
}

@article{Zhang2018MappingApproach,
    title = {{Mapping working memory retrieval in space and in time: A combined electroencephalography and electrocorticography approach}},
    year = {2018},
    journal = {NeuroImage},
    author = {Zhang, Qiong and van Vugt, Marieke and Borst, Jelmer P. and Anderson, John R.},
    pages = {472--484},
    volume = {174},
    publisher = {Academic Press Inc.},
    issn = {10959572},
    pmid = {29571716},
    keywords = {Electrocorticography, Electroencephalography, Hidden semi-Markov model, Spatial-temporal analysis, Sternberg task, Working memory}
}

@article{Gilmore2011MeasuringSystem,
    title = {{Measuring the approximate number system}},
    year = {2011},
    journal = {Quarterly Journal of Experimental Psychology},
    author = {Gilmore, Camilla and Attridge, Nina and Inglis, Matthew},
    number = {11},
    pages = {2099--2109},
    volume = {64},
    publisher = {Psychology Press Ltd},
    issn = {17470226},
    keywords = {Approximate number system, Nonsymbolic numerosities, Numerical cognition}
}

@article{Agmon2019MeasuringPolarity,
    title = {{Measuring the cognitive cost of downward monotonicity by controlling for negative polarity}},
    year = {2019},
    journal = {Glossa: a journal of general linguistics},
    author = {Agmon, Galit and Loewenstein, Yonatan and Grodzinsky, Yosef},
    number = {1},
    volume = {4},
    publisher = {Ubiquity Press, Ltd.},
    issn = {2397-1835},
    keywords = {downward monotonicty, gradable adjectives, language processing, negative polarity, quantifiers, verification}
}

@article{Thibodeau2011MetaphorsReasoning,
    title = {{Metaphors We Think With: The Role of Metaphor in Reasoning}},
    year = {2011},
    journal = {PLOS ONE},
    author = {Thibodeau, Paul H. and Boroditsky, Lera},
    number = {2},
    pages = {e16782},
    volume = {6},
    publisher = {Public Library of Science},
    issn = {1932-6203},
    keywords = {Crime, Experimental design, Experimental economics, Language, Law enforcement, Police, Semantics, Syntax}
}

@article{Wagenmakers2009MethodologicalAccuracy,
    title = {{Methodological and empirical developments for the Ratcliff diffusion model of response times and accuracy}},
    year = {2009},
    journal = {European Journal of Cognitive Psychology},
    author = {Wagenmakers, Eric Jan},
    number = {5},
    pages = {641--671},
    volume = {21},
    issn = {09541446},
    keywords = {Mathematical modelling, RT distributions, Random walk, Signal-detection theory}
}

@inproceedings{Waldon2020ModelingExperiments,
    title = {{Modeling Behavior in Truth Value Judgment Task Experiments}},
    year = {2020},
    booktitle = {Proceedings of the {S}ociety for {C}omputation in {L}inguistics},
    publisher = {Society for Computation in Linguistics},
    volume = {3},
    editor = {Ettinger, A. and Jarosz, G. and Nelson, M.},
    author = {Waldon, Brandon and Degen, Judith},
    pages = {238--247},
}

@article{Ratcliff2015ModelingNumeracy,
    title = {{Modeling individual differences in response time and accuracy in numeracy}},
    year = {2015},
    journal = {Cognition},
    author = {Ratcliff, Roger and Thompson, Clarissa A. and McKoon, Gail},
    pages = {115--136},
    volume = {137},
    publisher = {Elsevier},
    issn = {18737838},
    keywords = {Diffusion model, Individual differences, Number ability, Numeracy, Response time and accuracy}
}

@article{Ratcliff2018ModelingModel,
    title = {{Modeling numerosity representation with an integrated diffusion model}},
    year = {2018},
    journal = {Psychological Review},
    author = {Ratcliff, Roger and McKoon, Gail},
    number = {2},
    pages = {183--217},
    volume = {125},
    publisher = {American Psychological Association Inc.},
    issn = {0033295X},
    keywords = {Approximate number system, Diffusion model, Individual differences, Integrated models, Response time and accuracy}
}

@techreport{PiantadosiModelingLearnability,
    title = {{Modeling the acquisition of quantifier semantics: a case study in function word learnability}},
    author = {Piantadosi, Steven T and Tenenbaum, Joshua B and Goodman, Noah D}
}

@article{Kang2020ModelingModel,
    title = {{Modeling the interaction of numerosity and perceptual variables with the diffusion model}},
    year = {2020},
    journal = {Cognitive Psychology},
    author = {Kang, Inhan and Ratcliff, Roger},
    pages = {101288},
    volume = {120},
    publisher = {Academic Press Inc.},
    issn = {00100285},
    pmid = {32325289},
    keywords = {Approximate number system, Conflict effect, Diffusion model, Interaction of numerosity and perceptual features, Response time and accuracy}
}

@inproceedings{Szymanik2013MonotonicityVerification,
    title = {{Monotonicity has only a relative effect on the complexity of quantifier verification}},
    year = {2013},
    booktitle = {Proceedings of the 19th {A}msterdam {C}olloquium},
    author = {Szymanik, Jakub and Zajenkowski, Marcin},
    pages = {219--225},
    publisher = {University of Amsterdam},
    editor = {Aloni, M. and Franke, M. and Roelofsen, F.}
}

@article{Street2010MoreQuantifiers,
    title = {{More individual differences in language attainment: How much do adult native speakers of English know about passives and quantifiers?}},
    year = {2010},
    journal = {Lingua},
    author = {Street, James A. and Dabrowska, Ewa},
    number = {8},
    pages = {2080--2094},
    volume = {120},
    issn = {00243841},
    keywords = {English passive construction, Individual differences, Linguistic competence, Linguistic performance, Sentence comprehension, Universal quantification}
}

@article{Zajenkowski2013MOSTPerspective,
    title = {{MOST intelligent people are accurate and SOME fast people are intelligent. Intelligence, working memory, and semantic processing of quantifiers from a computational perspective}},
    year = {2013},
    journal = {Intelligence. A Multidisciplinary Journal},
    author = {Zajenkowski, Marcin and Szymanik, Jakub},
    number = {5},
    pages = {456--466},
    volume = {41},
    issn = {01602896},
    keywords = {Cognitive control, Computational complexity, Intelligence, Quantifiers, Working memory}
}

@inproceedings{Ramotowska2020MostDifferences,
    title = {{Most, but not more than half, is proportion-dependent and sensitive to individual differences}},
    year = {2020},
    volume = {2},
    booktitle = {Proceedings of {S}inn und {B}edeutung 24},
    author = {Ramotowska, Sonia and Steinert-Threlkeld, Shane and van Maanen, Leendert and Szymanik, Jakub},
    editor = {Franke, Michael and Kompa, Nikola and Liu, Mingya and Mueller, Jutta L. and Schwab, Juliane},
    pages = {165--182},
    publisher = {Osnabr\"{u}ck University and Humboldt University of Berlin},
}

@article{Anders2019Multi-factorResults,
    title = {{Multi-factor analysis in language production: Sequential sampling models mimic and extend regression results}},
    year = {2019},
    journal = {Cognitive Neuropsychology},
    author = {Anders, Royce and van Maanen, Leendert and Alario, F. Xavier},
    number = {5-6},
    pages = {234--264},
    volume = {36},
    publisher = {Cogn Neuropsychol},
    issn = {14640627},
    pmid = {31076011},
    keywords = {Bayesian modeling, Language research, model-based analysis, regression, sequential sampling}
}

@article{Suarez-Rivera2019MultimodalInfants,
    title = {{Multimodal parent behaviors within joint attention support sustained attention in infants}},
    year = {2019},
    journal = {Developmental Psychology},
    author = {Suarez-Rivera, Catalina and Smith, Linda B and Yu, Chen},
    number = {1},
    pages = {96--109},
    volume = {55},
    issn = {00121649},
    keywords = {Eye-tracking, Joint attention, Multimodal behavior, Parent responsiveness, Sustained attention}
}

@article{McCloskey1978NaturalSets,
    title = {{Natural categories: Well defined or fuzzy sets?}},
    year = {1978},
    journal = {Memory {\&} Cognition},
    author = {McCloskey, Michael E. and Glucksberg, Sam},
    number = {4},
    pages = {462--472},
    volume = {6},
    issn = {0090502X}
}

@incollection{Grodzinsky2020NegationBrain,
    title = {{Negation and the Brain}},
    year = {2020},
    booktitle = {The {O}xford {H}andbook of {N}egation},
    author = {Grodzinsky, Yosef and Jaichenco, Virginia and Deschamps, Isabelle and S{\'{a}}nchez, María Elina and Fuchs, Martín and Pieperhoff, Peter and Loewenstein, Yonatan and Amunts, Katrin},
    pages = {693--712},
    editor = {D\`{e}prez, Viviane
  and Espinal, T. M.},
    publisher = {Oxford University Press},
}

@article{Dudschig2018NegationViolations,
    title = {{Negation and the N400: investigating temporal aspects of negation integration using semantic and world-knowledge violations}},
    year = {2018},
    journal = {https://doi.org/10.1080/23273798.2018.1535127},
    author = {Dudschig, Carolin and Mackenzie, Ian Grant and Maienborn, Claudia and Kaup, Barbara and Leuthold, Hartmut},
    number = {3},
    pages = {309--319},
    volume = {34},
    publisher = {Routledge},
    issn = {23273801},
    keywords = {EEG, N400, Negation, Semantic-Knowledge, World-Knowledge}
}

@article{Dudschig2020NegationWords,
    title = {{Negation as conflict: Conflict adaptation following negating vertical spatial words}},
    year = {2020},
    journal = {Brain and Language},
    author = {Dudschig, Carolin and Kaup, Barbara},
    volume = {210},
    publisher = {Brain Lang},
    issn = {10902155},
    pmid = {32961513},
    keywords = {Conflict, EEG, Language, Negation, Vertical space}
}

@article{Orenes2016NegationParadigm,
    title = {{Negation in context: Evidence from the visual world paradigm}},
    year = {2016},
    journal = {Quarterly Journal of Experimental Psychology},
    author = {Orenes, Isabel and Moxey, Linda and Scheepers, Christoph and Santamar{\'{i}}a, Carlos},
    number = {6},
    pages = {1082--1092},
    volume = {69},
    publisher = {Q J Exp Psychol (Hove)},
    issn = {17470226},
    pmid = {26207955},
    keywords = {Context, Negation, Visual world paradigm}
}

@article{McMillan2005NeuralComprehension,
    title = {{Neural basis for generalized quantifier comprehension}},
    year = {2005},
    journal = {Neuropsychologia},
    author = {McMillan, Corey T. and Clark, Robin and Moore, Peachie and Devita, Christian and Grossman, Murray},
    number = {12},
    pages = {1729--1737},
    volume = {43},
    publisher = {Pergamon},
    issn = {00283932},
    pmid = {16154448},
    keywords = {Neural basis, Quantifiers, Semantic}
}

@article{Liu2011NeuralTask,
    title = {{Neural correlates of evidence accumulation in a perceptual decision task}},
    year = {2011},
    journal = {Journal of Neurophysiology},
    author = {Liu, Taosheng and Pleskac, Timothy J.},
    number = {5},
    pages = {2383--2398},
    volume = {106},
    publisher = {J Neurophysiol},
    issn = {1522-1598},
    pmid = {21849612},
    keywords = {Adult, Brain Mapping / methods*, Cerebral Cortex / physiology, Choice Behavior / physiology*, Decision Making / physiology*, Discrimination Learning / physiology*}
}%SR modif

@article{Grisoni2017NeuralProcessing,
    title = {{Neural Correlates of Semantic Prediction and Resolution in Sentence Processing}},
    year = {2017},
    journal = {Journal of Neuroscience},
    author = {Grisoni, Luigi and Mccormick Miller, Tally and Pulverm{\"{u}}ller, Friedemann},
    pages = {4848--4858},
    volume = {37},
    number = {18},
    keywords = {grounded cognition, semantic processing, semantic readiness potentials}
} %SR modif

@article{Shah2004NeuralPotentials,
    title = {{Neural Dynamics and the Fundamental Mechanisms of Event-related Brain Potentials}},
    year = {2004},
    journal = {Cerebral Cortex},
    author = {Shah, Ankoor S. and Bressler, Steven L. and Knuth, Kevin H. and Ding, Mingzhou and Mehta, Ashesh D. and Ulbert, Istvan and Schroeder, Charles E.},
    number = {5},
    pages = {476--483},
    volume = {14},
    publisher = {Oxford Academic},
    issn = {1047-3211},
    keywords = {brain, cercopithecidae, diencephalon, electroencephalography}
}

@article{Cohen2008NeurocomputationalReview,
    title = {{Neurocomputational mechanisms of reinforcement-guided learning in humans: A review}},
    year = {2008},
    journal = {Cognitive, Affective and Behavioral Neuroscience},
    author = {Cohen, Michael X.},
    number = {2},
    pages = {113--125},
    volume = {8},
}

@article{Pauli1996NeurophysiologicalArithmetic,
    title = {{Neurophysiological correlates of mental arithmetic}},
    year = {1996},
    journal = {Psychophysiology},
    author = {Pauli, Paul and Lutzenberger, Werner and Birbaumer, Niels and Rickard, Timothy C. and Bourne, Lyle E.},
    number = {5},
    pages = {522--529},
    volume = {33},
    issn = {00485772},
    pmid = {8854739}
}

@article{Herbert2013NoRegulation,
    title = {{No fear, no panic: probing negation as a means for emotion regulation}},
    year = {2013},
    journal = {Social Cognitive and Affective Neuroscience},
    author = {Herbert, Cornelia and Deutsch, Roland and Platte, Petra and Pauli, Paul},
    number = {6},
    pages = {654--661},
    volume = {8},
    publisher = {Oxford Academic},
    issn = {1749-5016},
    pmid = {22490924},
    keywords = {Emotion regulation, Event-related brain potentials, Negation, Reappraisal, Suppression}
}

@inproceedings{Donkin2009Non-decisionTask,
    title = {{Non-decision time effects in the lexical decision task}},
    year = {2009},
    booktitle = {Proceedings of the 31st {A}nnual {C}onference of the {C}ognitive {S}cience {S}ociety},
    author = {Donkin, C and Heathcote, A and Brown, S. and Andrews, A.},
    pages = {2902--2907},
    publisher = {Cognitive Science Society},
    editor = {Taatgen, N. A. and van Rijn, H.},
    address = {Austin, TX},
    keywords = {achieved, aspects enabling reading, by the human mind, characters as being a, diffusion model, is the ability to, lexical decision task, one of the key, reading is one of, recognize a string of, the most remarkable abilities}
}

@article{Barth2006Non-symbolicChildren,
    title = {{Non-symbolic arithmetic in adults and young children}},
    year = {2006},
    journal = {Cognition},
    author = {Barth, Hilary and La Mont, Kristen and Lipton, Jennifer and Dehaene, Stanislas and Kanwisher, Nancy and Spelke, Elizabeth},
    number = {3},
    pages = {199--222},
    volume = {98},
    publisher = {Elsevier},
    issn = {00100277},
    keywords = {Crossmodal addition, Non-symbolic numerosities, Symbolic arithmetic}
}

@article{Maris2007NonparametricMEG-data,
    title = {{Nonparametric statistical testing of EEG- and MEG-data}},
    year = {2007},
    journal = {Journal of Neuroscience Methods},
    author = {Maris, Eric and Oostenveld, Robert},
    number = {1},
    pages = {177--190},
    volume = {164},
    publisher = {Elsevier},
    issn = {01650270},
    pmid = {17517438},
    keywords = {EEG, Hypothesis testing, MEG, Multiple comparisons problem, Nonparametric statistical testing}
}

@article{Katsimpokis2020NotEffect,
    title = {{Not all Speed-Accuracy Trade-Off Manipulations Have the Same Psychological Effect}},
    year = {2020},
    journal = {Computational Brain and Behavior},
    author = {Katsimpokis, Dimitris and Hawkins, Guy E. and van Maanen, Leendert},
    number = {3},
    pages = {252--268},
    volume = {3},
    publisher = {Springer},
    issn = {2522087X},
    keywords = {Decision-making, Decreasing thresholds, Diffusion decision model, Time pressure}
}

@article{Mostowski1957OnQuantifiers,
    title = {{On a generalization of quantifiers}},
    year = {1957},
    journal = {Fundamenta Mathematicae},
    author = {Mostowski, Andrzej},
    number = {1},
    pages = {12--36},
    volume = {44},
    issn = {0016-2736}
}

@article{Krasikova2011Onmany,
    title = {{On proportional and cardinal "many"}},
    year = {2011},
    journal = {Generative Grammar in Geneva},
    author = {Krasikova, Sveta},
    number = {1},
    pages = {93--114}
}

@article{Scaltritti2020OnWords,
    title = {{On the boundaries between decision and action: Effector-selective lateralization of beta-frequency power is modulated by the lexical frequency of printed words}},
    year = {2020},
    journal = {Journal of Cognitive Neuroscience},
    author = {Scaltritti, Michele and Job, Remo and Alario, F. Xavier and Sulpizio, Simone},
    number = {11},
    pages = {2131--2144},
    volume = {32},
    publisher = {MIT Press},
    issn = {15308898},
    pmid = {32662730}
}

@article{Nieuwland2010OnAbilities,
    title = {{On the incrementality of pragmatic processing: An ERP investigation of informativeness and pragmatic abilities}},
    year = {2010},
    journal = {Journal of Memory and Language},
    author = {Nieuwland, Mante S. and Ditman, Tali and Kuperberg, Gina R.},
    number = {3},
    pages = {324--346},
    volume = {63},
    publisher = {Academic Press},
    issn = {0749596X},
    keywords = {Autism Quotient Communication subscale, Electrophysiology, Individual differences, Informativeness, Language comprehension, N400 ERP, Pragmatic abilities, Pragmatics, Scalar quantifiers}
}

@article{Nieuwland2010OnAbilitiesb,
    title = {{On the incrementality of pragmatic processing: An ERP investigation of informativeness and pragmatic abilities}},
    year = {2010},
    journal = {Journal of Memory and Language},
    author = {Nieuwland, Mante S. and Ditman, Tali and Kuperberg, Gina R.},
    number = {3},
    pages = {324--346},
    volume = {63},
    publisher = {Academic Press},
    issn = {0749596X},
    keywords = {Autism Quotient Communication subscale, Electrophysiology, Individual differences, Informativeness, Language comprehension, N400 ERP, Pragmatic abilities, Pragmatics, Scalar quantifiers}
}

@article{Tabullo2012OnStudy:,
    title = {{On the Learnability of Frequent and Infrequent Word Orders: An Artificial Language Learning Study:}},
    year = {2012},
    journal = {https://doi.org/10.1080/17470218.2012.677848},
    author = {Tabullo, ángel and Arismendi, Mariana and Wainselboim, Alejandro and Primero, Gerardo and Vernis, Sergio and Segura, Enrique and Zanutto, Silvano and Yorio, Alberto},
    number = {9},
    pages = {1848--1863},
    volume = {65},
    publisher = {SAGE PublicationsSage UK: London, England},
    keywords = {Artificial grammar, Learnability, Word order typology}
}

@article{Clark1972OnPictures,
    title = {{On the process of comparing sentences against pictures}},
    year = {1972},
    journal = {Cognitive Psychology},
    author = {Clark, Herbert H and Chase, William G},
    number = {3},
    pages = {472--517},
    volume = {3},
    issn = {00100285}
}

@article{Donders1969OnProcesses,
    title = {{On the speed of mental processes}},
    year = {1969},
    journal = {Acta Psychologica},
    author = {Donders, F. C.},
    number = {C},
    pages = {412--431},
    volume = {30},
    publisher = {North-Holland},
    issn = {0001-6918},
    pmid = {5811531}
}

@article{Posner1980OrientingAttention.,
    title = {{Orienting of attention.}},
    year = {1980},
    journal = {The Quarterly journal of experimental psychology},
    author = {Posner, M. I.},
    number = {1},
    pages = {3--25},
    volume = {32},
    issn = {0033555X},
    pmid = {7367577}
}

@misc{RichardMorey2018PackageDesigns,
    title = {{Package 'BayesFactor': Computation of Bayes Factors for Common Designs}},
    year = {2018},
    author = {Morey, Richard},
    note = {R package version 0.9.12-4.3},
    keywords = {Alexander Ly [ctb, Jeffrey N Rouder [aut], Karl Forner [ctb, License GPL-2 VignetteBuilder knitr Depends R (>= 320), Matrix (>= 11-1) Imports pbapply, MatrixModels, Rcpp (>= 0112), RcppEigen (>= 03220) RoxygenNote 601 NeedsCompilation yes Author Richard D Morey [aut, Simon Urbanek [ctb, Tahira Jamil [ctb, arm, coda, cph], cre, foreach, graphics, gtools, hypergeo Suggests doMC, knitr, languageR LazyLoad yes LinkingTo Rcpp (>= 0112), lme4, markdown, methods, mvtnorm, stringr, testthat, utils, xtable}
}

@misc{Roever2015PackageVisualization,
    title = {{Package 'klaR': Classification and visualization}},
    year = {2015},
    author = {Roever, Christian and Raabe, Nils and Luebke, Karsten and Ligges, Uwe and Szepannek, Gero and Zentgraf, Marc},
    note = {R package version 0.6-15}
}

@article{2021PackageMASS,
    title = {{Package 'MASS'}},
    year = {2021},
    keywords = {0), grDevices, graphics, nlme, nnet, stats, survival, utils Imports methods Suggests lattice}
}

@techreport{Kassambara2021PackageTests,
    title = {{Package 'rstatix' Title Pipe-Friendly Framework for Basic Statistical Tests}},
    year = {2021},
    author = {Kassambara, Alboukadel},
    keywords = {Imports stats, boot, broom (>= 074), car, coin, corrplot, dplyr (>= 071), emmeans, generics (>= 002) Suggests knitr, ggpubr, graphics, magrittr, purrr, rlang (>= 031), rmarkdown, spelling, testthat, tibble (>= 213), tidyr (>= 100), tidyselect (>= 100), utils}
}

@book{Clerc2010ParticleOptimization,
    title = {{Particle Swarm Optimization}},
    year = {2010},
    booktitle = {Particle Swarm Optimization},
    author = {Clerc, Maurice},
    publisher = {Wiley-ISTE},
    isbn = {1905209045},
}

@article{Bitzer2014PerceptualModel,
    title = {{Perceptual decision making: Drift-diffusion model is equivalent to a Bayesian model}},
    year = {2014},
    journal = {Frontiers in Human Neuroscience},
    author = {Bitzer, Sebastian and Park, Hame and Blankenburg, Felix and Kiebel, Stefan J.},
    number = {1},
    pages = {102},
    volume = {8},
    publisher = {Frontiers},
    issn = {16625161},
    keywords = {Bayesian models, Decision variable, Drift diffusion model, Parameter fitting, Perceptual decision making, Reaction time, Uncertainty}
}

@article{Mulder2014PerceptualReview,
    title = {{Perceptual decision neurosciences - a model-based review}},
    year = {2014},
    journal = {Neuroscience},
    author = {Mulder, M. J. and van Maanen, L. and Forstmann, B. U.},
    pages = {872--884},
    volume = {277},
    issn = {18737544},
    pmid = {25080159},
    keywords = {Drift diffusion model, Evidence accumulation model, FMRI, Linear ballistic accumulator}
}

@article{Mulder2014PerceptualReviewb,
    title = {{Perceptual decision neurosciences - A model-based review}},
    year = {2014},
    journal = {Neuroscience},
    author = {Mulder, Martijn J and van Maanen, Leendert and Forstmann, Birte U},
    pages = {872--884},
    volume = {277},
    issn = {03064522}
}

@article{Pereira2007PeterThought,
    title = {{Peter G{\"{a}}rdenfors, Conceptual Spaces: The Geometry of Thought}},
    year = {2007},
    journal = {Minds and Machines},
    author = {Pereira, Alfredo},
    number = {4},
    pages = {493--496},
    volume = {17},
    publisher = {The MIT Press},
    isbn = {9780262572194},
    issn = {0924-6495}
}

@article{Pereira2007PeterThoughtb,
    title = {{Peter G{\"{a}}rdenfors, Conceptual Spaces: The Geometry of Thought}},
    year = {2007},
    journal = {Minds and Machines},
    author = {Pereira, Alfredo},
    number = {4},
    pages = {493--496},
    volume = {17},
    isbn = {0-262-57219-2},
    issn = {0924-6495}
}

@article{Adriaanse2011PlanningHabits,
    title = {{Planning what not to eat: Ironic effects of implementation intentions negating unhealthy habits}},
    year = {2011},
    journal = {Personality and Social Psychology Bulletin},
    author = {Adriaanse, Marieke A. and van Oosten, Johanna M.F. and de Ridder, Denise T.D. and de Wit, John B.F. and Evers, Catharine},
    number = {1},
    pages = {69--81},
    volume = {37},
    publisher = {Pers Soc Psychol Bull},
    issn = {01461672},
    pmid = {21177875},
    keywords = {habits, implementation intentions, ironic rebound effects, negation, snacking}
}

@article{Rouder2018PowerTraditions,
    title = {{Power, Dominance, and Constraint: A Note on the Appeal of Different Design Traditions}},
    year = {2018},
    journal = {Advances in Methods and Practices in Psychological Science},
    author = {Rouder, Jeffrey N. and Haaf, Julia M.},
    number = {1},
    pages = {19--26},
    volume = {1},
    issn = {2515-2459}
}

@article{Frank2012PredictingGames,
    title = {{Predicting pragmatic reasoning in language games}},
    year = {2012},
    journal = {Science},
    author = {Frank, Michael C. and Goodman, Noah D.},
    number = {6084},
    pages = {998},
    volume = {336},
    publisher = {American Association for the Advancement of Science},
    issn = {10959203}
}

@article{Frank1975PredictingMaterials,
    title = {{Predicting Pragmatic Reasoning in Language Games Supplementary Materials}},
    year = {1975},
    author = {Frank, Michael C and Goodman, Noah D},
    pages = {41--58},
    volume = {3},
    publisher = {Blackwell},
}

@misc{VanPetten2012PredictionComponents,
    title = {{Prediction during language comprehension: Benefits, costs, and ERP components}},
    year = {2012},
    booktitle = {International Journal of Psychophysiology},
    author = {Van Petten, Cyma and Luka, Barbara J.},
    number = {2},
    pages = {176--190},
    volume = {83},
    issn = {01678760},
    keywords = {Event-related potential, N400, P300, P600, Prediction, Sentence}
}

@article{Ness2018PredictivePotentials.,
    title = {{Predictive Preupdating and Working Memory Capacity: Evidence from Event-related Potentials.}},
    year = {2018},
    journal = {Journal of cognitive neuroscience},
    author = {Ness, Tal and Meltzer-Asscher, Aya},
    pages = {1--23},
    issn = {1530-8898},
    pmid = {30125220}
}

@article{Archambeau2019ProactiveStudy,
    title = {{Proactive interference in aging: A model-based study}},
    year = {2019},
    journal = {Psychonomic Bulletin {\&} Review 2019 27:1},
    author = {Archambeau, Kim and Forstmann, Birte and van Maanen, Leendert and Gevers, Wim},
    number = {1},
    pages = {130--138},
    volume = {27},
    publisher = {Springer},
    issn = {1531-5320},
    keywords = {Cognitive Psychology}
}

@article{vanTiel2021ProbabilisticQuantification,
    title = {{Probabilistic pragmatics explains gradience and focality in natural language quantification}},
    year = {2021},
    journal = {Proceedings of the National Academy of Sciences of the United States of America},
    author = {{\noopsort{Tiel}}{{van Tiel}}, Bob and Franke, Michael and Sauerland, Uli},
    number = {9},
    volume = {118},
    issn = {10916490},
    pmid = {33619084},
    keywords = {Language, Pragmatics, Probabilistic reasoning, Quantifiers, Semantics}
}

@inproceedings{vanTiel2014Truthtypicality,
    title = {{Truth and typicality in the interpretation of quantifiers}},
    year = {2014},
    booktitle = {Proceedings of Sinn Und Bedeutung},
    author = {{\noopsort{Tiel}}{{van Tiel}}, Bob and Geurts, B.},
    number = {18},
    editor = {Etxeberria, U. and F\u{a}l\u{a}u\c{s}, A. and Irurtzun, A. and Leferman, B.}
}

@article{Grodzinsky2018ProcessingConstructions,
    title = {{processing cost of Downward Entailingness: the representation and verification of comparative constructions}},
    year = {2018},
    journal = {ZAS Papers in Linguistics},
    author = {Grodzinsky, Yosef and Agmon, Galit and Snir, Kedem and Deschamps, Isabelle and Loewenstein, Yonatan},
    pages = {435--451},
    volume = {60},
    issn = {1435-9588},
    keywords = {Logical Form, adjectival antonyms, comparative constructions, decomposition, monotonicity, negation, quantification, quantifier processing, reaction time, speeded verification}
}

@article{Kaup2006ProcessingClosed,
    title = {{Processing negated sentences with contradictory predicates: Is a door that is not open mentally closed?}},
    year = {2006},
    journal = {Journal of Pragmatics},
    author = {Kaup, Barbara and L{\"{u}}dtke, Jana and Zwaan, Rolf A.},
    number = {7},
    pages = {1033--1050},
    volume = {38},
    publisher = {North-Holland},
    issn = {03782166},
    keywords = {Grounded cognition, Language comprehension, Negation}
}

@article{Shikhare2015ProcessingQuantifiers,
    title = {{Processing of Numerical and Proportional Quantifiers}},
    year = {2015},
    journal = {Cognitive Science},
    author = {Shikhare, Sailee and Heim, Stefan and Klein, Elise and Huber, Stefan and Willmes, Klaus},
    number = {7},
    pages = {1504--1536},
    volume = {39},
    publisher = {John Wiley {\&} Sons, Ltd},
    issn = {1551-6709},
    keywords = {Numerical and proportional quantifiers, Numerical comparison, Numerical estimation, Semantic polarity}
}

@article{Farshchi2020ProcessingStudy,
    title = {{Processing sentences with sentential and prefixal negation: an event-related potential study}},
    year = {2020},
    journal = {Language, Cognition and Neuroscience},
    author = {Farshchi, Sara and Andersson, Annika and van de Weijer, Joost and Paradis, Carita},
    pages = {84--98},
    publisher = {Routledge},
    issn = {23273801},
    keywords = {Bounded adjectives, ERP, Negated meanings, Opposition, Processing cost, Sentential integration}
}

@article{Murphy2014PupilCoeruleus,
    title = {{Pupil diameter covaries with BOLD activity in human locus coeruleus}},
    year = {2014},
    journal = {Human Brain Mapping},
    author = {Murphy, Peter R. and O'Connell, Redmond G. and O'Sullivan, Michael and Robertson, Ian H. and Balsters, Joshua H.},
    number = {8},
    pages = {4140--4154},
    volume = {35},
    publisher = {John Wiley and Sons Inc.},
    issn = {10970193},
    keywords = {Attention, FMRI, Noradrenaline, Norepinephrine, Oddball, Pupillometry, Resting state}
}

@article{Gilzenrat2010PupilFunction,
    title = {{Pupil diameter tracks changes in control state predicted by the adaptive gain theory of locus coeruleus function}},
    year = {2010},
    journal = {Cognitive, Affective and Behavioral Neuroscience},
    author = {Gilzenrat, Mark S. and Nieuwenhuis, Sander and Jepma, Marieke and Cohen, Jonathan D.},
    number = {2},
    pages = {252--269},
    volume = {10},
    issn = {15307026}
}

@misc{vanderWel2018PupilReview,
    title = {{Pupil dilation as an index of effort in cognitive control tasks: A review}},
    year = {2018},
    booktitle = {Psychonomic Bulletin and Review},
    author = {van der Wel, Pauline and van Steenbergen, Henk},
    number = {6},
    pages = {2005--2015},
    volume = {25},
    publisher = {Springer New York LLC},
    issn = {15315320},
    keywords = {Attention, Behavioral performance, Cognitive control, Cognitive load, Effort, Inhibition, Pupil, Resource allocation, Switching, Updating}
}

@article{Boxhoorn2019PupilDisorder,
    title = {{Pupil dilation during visuospatial orienting differentiates between autism spectrum disorder and attention-deficit/hyperactivity disorder}},
    year = {2019},
    journal = {Journal of Child Psychology and Psychiatry and Allied Disciplines},
    author = {Boxhoorn, Sara and Bast, Nico and Sup{\`{e}}r, Hans and Polzer, Leonie and Cholemkery, Hannah and Freitag, Christine M.},
    pages = {jcpp.13179},
    publisher = {Blackwell Publishing Ltd},
    issn = {14697610},
    keywords = {Attention, LC-NE system, attention-deficit/hyperactivity disorder, autism spectrum disorder, pupil dilation}
}

@misc{Joshi2020PupilCognition,
    title = {{Pupil Size as a Window on Neural Substrates of Cognition}},
    year = {2020},
    booktitle = {Trends in Cognitive Sciences},
    author = {Joshi, Siddhartha and Gold, Joshua I.},
    number = {6},
    pages = {466--480},
    volume = {24},
    publisher = {Elsevier Ltd},
    issn = {1879307X},
    pmid = {32331857},
    keywords = {arousal, autonomic nervous system, brain state, cognition, locus coeruleus, superior colliculus}
}

@article{Unsworth2016PupillaryAttention,
    title = {{Pupillary correlates of lapses of sustained attention}},
    year = {2016},
    journal = {Cognitive, Affective and Behavioral Neuroscience},
    author = {Unsworth, Nash and Robison, Matthew K.},
    number = {4},
    pages = {601--615},
    volume = {16},
    publisher = {Springer New York LLC},
    issn = {15307026},
    keywords = {Attention, Cognitive control, Norephinephrine}
}

@misc{Sirois2014Pupillometry,
    title = {{Pupillometry}},
    year = {2014},
    booktitle = {Wiley Interdisciplinary Reviews: Cognitive Science},
    author = {Sirois, Sylvain and Brisson, Julie},
    number = {6},
    pages = {679--692},
    volume = {5},
    publisher = {Wiley-Blackwell},
    issn = {19395086}
}

@article{Hepach2016PupillometryResearch,
    title = {{Pupillometry in Infancy Research}},
    year = {2016},
    journal = {Journal of Cognition and Development},
    author = {Hepach, Robert and Westermann, Gert},
    number = {3},
    pages = {359--377},
    volume = {17},
    publisher = {Routledge},
    issn = {15327647}
}

@article{Laeng2012Pupillometry:Preconscious,
    title = {{Pupillometry: A window to the preconscious?}},
    year = {2012},
    journal = {Perspectives on Psychological Science},
    author = {Laeng, Bruno and Sirois, Sylvain and Gredeb{\"{a}}ck, Gustaf},
    number = {1},
    pages = {18--27},
    volume = {7},
    publisher = {SAGE PublicationsSage CA: Los Angeles, CA},
    issn = {17456916},
    pmid = {26168419},
    keywords = {attention, consciousness, development, infant, methodology, neuroscience, unconscious/automatic processing}
}

@book{Szabolcsi2010Quantification,
    title = {{Quantification}},
    year = {2010},
    author = {Szabolcsi, Anna},
    publisher = {Cambridge University Press}
}

@article{Nieuwland2016QuantificationPotentials,
    title = {{Quantification, prediction, and the online impact of sentence truth-value: Evidence from event-related potentials}},
    year = {2016},
    journal = {Journal of Experimental Psychology: Learning Memory and Cognition},
    author = {Nieuwland, Mante S.},
    number = {2},
    pages = {316--334},
    volume = {42},
    publisher = {American Psychological Association Inc.},
    issn = {02787393},
    pmid = {26375784},
    keywords = {Language comprehension, N400, Negation, Prediction, Quantification}
}

@article{Santo2018QuantifiedStudy,
    title = {{Quantified Sentences as a Window into Prediction and Priming: An ERP Study}},
    year = {2018},
    author = {Santo, Aniello De and Rawski, Jonathan and Yazdani, Amanda M. and Drury, J. E. and Brook, S.}
}

@book{Szymanik2016QuantifiersPerspectives,
    title = {{Quantifiers and Cognition. Logical and Computational Perspectives}},
    year = {2016},
    author = {Szymanik, J},
    publisher = {Springer}
}

@book{Szymanik2016QuantifiersPerspectivesb,
    title = {{Quantifiers and Cognition: Logical and Computational Perspectives}},
    year = {2016},
    author = {Szymanik, Jakub},
    series = {Studies in Linguistics and Philosophy},
    volume = {96},
    publisher = {Springer International Publishing},
    address = {Cham},
    isbn = {978-3-319-28747-8},
}

@article{Urbach2015QuantifiersLess,
    title = {{Quantifiers are incrementally interpreted in context, more than less}},
    year = {2015},
    journal = {Journal of Memory and Language},
    author = {Urbach, Thomas P. and DeLong, Katherine A. and Kutas, Marta},
    pages = {79--96},
    volume = {83},
    publisher = {Academic Press Inc.},
    issn = {0749596X},
    keywords = {Brain potential, ERP, Incremental, Language comprehension, N400, Quantifier, interpretation, partial, shallow}
}

@book{Peters2008QuantifiersLogic,
    title = {{Quantifiers in Language and Logic}},
    year = {2008},
    booktitle = {Quantifiers in Language and Logic},
    author = {Peters, Stanley and Westerst{\aa}hl, Dag},
    pages = {1--552},
    address = {New York},
    publisher = {Oxford University Press},
    isbn = {9780191700590},
    keywords = {Inference, Language, Linguistics, Logic, Quantification, Quantifiers, Semantics, Syntax}
}

@book{Peters2008QuantifiersLogicb,
    title = {{Quantifiers in Language and Logic}},
    year = {2008},
    booktitle = {Quantifiers in Language and Logic},
    author = {Peters, Stanley and Westerst{\aa}hl, Dag},
    pages = {1--552},
    publisher = {Oxford University Press},
    address = {New York},
    isbn = {9780191700590},
    keywords = {Inference, Language, Linguistics, Logic, Quantification, Quantifiers, Semantics, Syntax}
}

@inproceedings{Steinert-Threlkeld2020QuantifiersTrade-off,
    title = {{Quantifiers in natural language optimize the simplicity/informativeness trade-off}},
    year = {2020},
    booktitle = {Proceedings of the 22nd {A}msterdam {C}olloquium},
    editor = {Schlöder, Julian J. and McHugh, Dean and Roelofsen, Floris},
    publisher = {University of Amsterdam},
    author = {Steinert-Threlkeld, Shane},
    pages = {513--522},
}

@article{Urbach2010QuantifiersInterpretation,
    title = {{Quantifiers more or less quantify on-line: ERP evidence for partial incremental interpretation}},
    year = {2010},
    journal = {Journal of Memory and Language},
    author = {Urbach, Thomas P. and Kutas, Marta},
    number = {2},
    pages = {158--179},
    volume = {63},
    publisher = {NIH Public Access},
    issn = {0749596X},
    pmid = {20640044},
    keywords = {Brain potential, ERP, Incremental interpretation, Language comprehension, N400, Quantifier}
}

@inproceedings{Pol2021QuantifiersSimpler,
    title = {{Quantifiers satisfying semantic universals are simpler}},
    year = {2021},
    booktitle = {Proceedings of the 43rd {A}nnual {C}onference of the {C}ognitive {S}cience {S}ociety},
    author = {{\noopsort{Pol}}{{van de Pol}}, Iris and Lodder, Paul and Maanen, Leendert van and Steinert-Threlkeld, Shane and Szymanik, Jakub},
    pages = {756--762},
    publisher = {Cognitive Science Society},
    keywords = {2003, 2016, anyi, cal grammar, chater, complexity, feldman, generalized quantifiers, logi-, minimal description length, semantic universals, variety of domains, vit}
}

@article{vanMaanen2012RACE/A:Dynamics,
    title = {{RACE/A: An Architectural Account of the Interactions Between Learning, Task Control, and Retrieval Dynamics}},
    year = {2012},
    journal = {Cognitive Science},
    author = {{\noopsort{Maanen}}{{van Maanen}}, Leendert and van Rijn, Hedderik and Taatgen, Niels},
    number = {1},
    pages = {62--101},
    volume = {36},
    publisher = {John Wiley {\&} Sons, Ltd},
    issn = {1551-6709},
    pmid = {22141462},
    keywords = {ACT, Accumulator model, Cognitive architecture, Drift diffusion model, PRP/dual, Picture, R, Sequential sampling process, task, word interference}
}

@article{Barr2013RandomMaximal,
    title = {{Random effects structure for confirmatory hypothesis testing: Keep it maximal}},
    year = {2013},
    journal = {Journal of Memory and Language},
    author = {Barr, Dale J. and Levy, Roger and Scheepers, Christoph and Tily, Harry J.},
    number = {3},
    pages = {255--278},
    volume = {68},
    issn = {0749596X},
    pmid = {24403724},
    keywords = {Generalization, Linear mixed-effects models, Monte Carlo simulation, Statistics}
}

@article{Kutas1980ReadingIncongruity,
    title = {{Reading senseless sentences: Brain potentials reflect semantic incongruity}},
    year = {1980},
    journal = {Science},
    author = {Kutas, Marta and Hillyard, Steven A.},
    number = {4427},
    pages = {203--205},
    volume = {207},
    publisher = {American Association for the Advancement of Science},
    issn = {00368075},
    pmid = {7350657}
}

@article{Loftus1974ReconstructionMemory,
    title = {{Reconstruction of automobile destruction: An example of the interaction between language and memory}},
    year = {1974},
    journal = {Journal of Verbal Learning and Verbal Behavior},
    author = {Loftus, Elizabeth F. and Palmer, John C.},
    number = {5},
    pages = {585--589},
    volume = {13},
    publisher = {Academic Press},
    issn = {0022-5371}
}

@article{Chase2015ReinforcementMeta-analysis,
    title = {{Reinforcement learning models and their neural correlates: An activation likelihood estimation meta-analysis}},
    year = {2015},
    journal = {Cognitive, Affective, {\&} Behavioral Neuroscience 2015 15:2},
    author = {Chase, Henry W. and Kumar, Poornima and Eickhoff, Simon B. and Dombrovski, Alexandre Y.},
    number = {2},
    pages = {435--459},
    volume = {15},
    publisher = {Springer},
    issn = {1531-135X},
    keywords = {Cognitive Psychology, Neurosciences}
}

@article{Botvinick2019ReinforcementSlow,
    title = {{Reinforcement Learning, Fast and Slow}},
    year = {2019},
    journal = {Trends in Cognitive Sciences},
    author = {Botvinick, Matthew and Ritter, Sam and Wang, Jane X. and Kurth-Nelson, Zeb and Blundell, Charles and Hassabis, Demis},
    number = {5},
    pages = {408--422},
    volume = {23},
    publisher = {Elsevier Current Trends},
    issn = {1364-6613}
}

@article{Fernandez-Duque1997RelatingAlerting,
    title = {{Relating the mechanisms of orienting and alerting}},
    year = {1997},
    journal = {Neuropsychologia},
    author = {Fernandez-Duque, Diego and Posner, Michael I.},
    number = {4},
    pages = {477--486},
    volume = {35},
    issn = {00283932},
    pmid = {9106276},
    keywords = {Alertness, Attention, Cueing, Orienting, Transmitter functions, Warning signal effects}
}

@article{Walsh2017RelationshipTasks,
    title = {{Relationship of P3b single-trial latencies and response times in one, two, and three-stimulus oddball tasks}},
    year = {2017},
    journal = {Biological Psychology},
    author = {Walsh, Matthew M. and Gunzelmann, Glenn and Anderson, John R.},
    pages = {47--61},
    volume = {123},
    publisher = {Elsevier B.V.},
    issn = {18736246},
    pmid = {27894839},
    keywords = {EEG, Hidden semi-Markov models, Multi-voxel pattern analysis, N1, P300}
}

@article{Oaksford2002RelativeReasoning,
    title = {{Relative informativeness of quantifiers used in syllogistic reasoning}},
    year = {2002},
    journal = {Memory and Cognition},
    author = {Oaksford, Mike and Roberts, Lisa and Chater, Nick},
    number = {1},
    pages = {138--149},
    volume = {30},
    issn = {0090502X},
    pmid = {11958347}
}

@article{Cohen2001RelativeGenerics,
    title = {{Relative readings of many, often, and generics}},
    year = {2001},
    journal = {Natural Language Semantics},
    author = {Cohen, Ariel},
    number = {1},
    pages = {41--67},
    volume = {9},
    publisher = {Springer Netherlands},
    issn = {1572865X}
}

@article{Ligia2012RelevanceTheory,
    title = {{Relevance and advantages of using the item response theory}},
    year = {2013},
    author = {Ligia, Silvana and Bortolotti, Vincenzi and Tezza, Rafael and Francisco De Andrade, Dalton and Bornia, Antonio Cezar and Cezar Bornia, Antonio and Farias De Sousa J{\'{u}}nior, Afonso and Bortolotti, S L V and Tezza, R and De Andrade, D F and Bornia, A C and De Sousa J{\'{u}}nior, A F},
    pages = {2341–2360},
    journal = {Quality \& Quantity},
    volume = {47},
    isbn = {47:23412360},
    keywords = {Item response theory {\textperiodcentered}, Latent trait {\textperiodcentered}, Measurement}
}

@techreport{Bellezza1984ReliabilityCategories,
    title = {{Reliability of retrieval from semantic memory: Common categories}},
    year = {1984},
    booktitle = {Bulletin of the Psychonomic Society},
    author = {Bellezza, Francis S and Kamin, Kathy and Sims, Sylvia and Whatley, Rosalind and Young, Cathy},
    number = {4},
    pages = {324--326},
    volume = {1984}
}

@inproceedings{Schlotterbeck2020RepresentationalEffect,
    title = {{Representational complexity and pragmatics cause the monotonicity effect}},
    year = {2020},
    booktitle = {Proceedings of the 42nd {A}nnual {C}onference of the {C}ognitive {S}cience {S}ociety},
    author = {Schlotterbeck, Fabian and Ramotowska, Sonia and van Maanen, Leendert and Szymanik, Jakub},
    pages = {3398--3404},
    editor = {Denison, S. and Mack, M. and Xu, Y. and B.C. Armstrong },
    publisher = {Cognitive Science Society}
}

@inproceedings{Sudo2012PresuppositionProjection,
    title = {{Presupposition Projection Out of Quantified Sentences: Strengthening, Local Accommodation and Inter-Speaker Variation}},
    year = {2012},
    booktitle = {{Logic, Language and Meaning }},
    author = {Sudo, Y. and Romoli, J. and Hackl, M. and Fox, D.},
    pages = {210--219}
}

@inproceedings{Schuster2019adaptationuncertaintyexpressions,
    title = {{Speaker-specific adaptation to variable use of uncertainty expressions}},
    year = {2019},
    booktitle = {Proceedings of the 41st {A}nnual {C}onference of the {C}ognitive {S}cience {S}ociety},
    author = {Schuster, Sebastian and Degen, Judith},
    pages = {2769--2775},
    publisher = {Cognitive Science Society}
}

@article{Posner2007ResearchScience,
    title = {{Research on Attention Networks as a Model for the Integration of Psychological Science}},
    year = {2007},
    journal = {Annual Review of Psychology},
    author = {Posner, Michael I. and Rothbart, Mary K.},
    number = {1},
    pages = {1--23},
    volume = {58},
    publisher = {Annual Reviews},
    isbn = {0824302583},
    issn = {0066-4308}
}

@article{Wason1961RESPONSESTATEMENTS,
    title = {{Response to Affirmative and Negative Binary Statements}},
    year = {1961},
    journal = {British Journal of Psychology},
    author = {Wason, P. C.},
    number = {2},
    pages = {133--142},
    volume = {52},
    publisher = {John Wiley {\&} Sons, Ltd},
    issn = {20448295},
    pmid = {13783300}
}

@article{Verheyen2019RevealingInconsistencies,
    title = {{Revealing Criterial Vagueness in Inconsistencies}},
    year = {2019},
    journal = {Open Mind},
    author = {Verheyen, Steven and White, Anne and {\'{E}}gr{\'{e}}, Paul},
    pages = {41--51},
    volume = {3},
    publisher = {MIT Press - Journals},
    issn = {2470-2986}
}

@article{Verheyen2018TypicalityDimensionalAdjectives,
    title = {{Typicality and Graded Membership in Dimensional Adjectives}},
    year = {2018},
    journal = {Cognitive Science},
    author = {Verheyen, Steven and {\'{E}}gr{\'{e}}, Paul},
    pages = {2250--2286},
    volume = {42}
}

@misc{Aston-Jones1999RoleFlexibility,
    title = {{Role of locus coeruleus in attention and behavioral flexibility}},
    year = {1999},
    booktitle = {Biological Psychiatry},
    author = {Aston-Jones, Gary and Rajkowski, Janusz and Cohen, Jonathan},
    number = {9},
    pages = {1309--1320},
    volume = {46},
    publisher = {Elsevier},
    issn = {00063223},
    pmid = {10560036},
    keywords = {Attention, Locus coeruleus, Monkey, Neurophysiology, Norepinephrine, Visual discrimination}
}

@article{Xiang2016SemanticSensitivity,
    title = {{Semantic and pragmatic processes in the comprehension of negation: An event related potential study of negative polarity sensitivity}},
    year = {2016},
    journal = {Journal of Neurolinguistics},
    author = {Xiang, Ming and Grove, Julian and Giannakidou, Anastasia},
    pages = {71--88},
    volume = {38},
    publisher = {Pergamon},
    issn = {18738052},
    keywords = {Assertion and non-assertion, Discourse processing, ERP, Negation, Negative polarity, Semantics and pragmatics}
}

@article{Register2018SemanticContext,
    title = {{Semantic verification is flexible and sensitive to context [Unpublished manuscript]}},
    year = {2018},
    author = {Register, Jenna and Mollica, Francis and Piantadosi, Steven T}
}

@article{Dietrich2019SetStrategies,
    title = {{Set size influences the relationship between ANS acuity and math performance: a result of different strategies?}},
    year = {2019},
    journal = {Psychological research},
    author = {Dietrich, Julia Felicitas and Nuerk, Hans-Christoph and Klein, Elise and Moeller, Korbinian and Huber, Stefan},
    number = {3},
    pages = {590--612},
    volume = {83},
    issn = {1430-2772},
    pmid = {28852848}
}

@Manual{StanDevelopmentTeam2017Shinystan:Models,
    title = {{Shinystan: interactive visual and numerical diagnostics and posterior analysis for Bayesian models}},
    year = {2017},
    journal = {R Package Version},
    author = {{Stan Development Team}},
    note = {R package version 2.5.0}
}

@article{Bailey2016SlowTask,
    title = {{Slow wave activity related to working memory maintenance in the N-back task}},
    year = {2016},
    journal = {Journal of Psychophysiology},
    author = {Bailey, Kira and Mlynarczyk, Gregory and West, Robert},
    number = {4},
    pages = {141--154},
    volume = {30},
    publisher = {Hogrefe Verlag GmbH {\&} Co. KG},
    issn = {21512124},
    keywords = {ERPs, N-back task, P3b, Slow wave activity, Working memory}
}

@article{Wlotko2012SoMeaning,
    title = {{So that's what you meant! Event-related potentials reveal multiple aspects of context use during construction of message-level meaning}},
    year = {2012},
    journal = {NeuroImage},
    author = {Wlotko, Edward W. and Federmeier, Kara D.},
    number = {1},
    pages = {356},
    volume = {62},
    publisher = {NIH Public Access},
    issn = {10538119},
    pmid = {22565202},
    keywords = {Event-related potentials, Frame-shifting, Frontal/anterior negativity, Language, N400, Sentential context}
}

@article{Haaf2019SomeStructures,
    title = {{Some do and some don’t? Accounting for variability of individual difference structures}},
    year = {2019},
    journal = {Psychonomic Bulletin and Review},
    author = {Haaf, Julia M. and Rouder, Jeffrey N.},
    number = {3},
    pages = {772--789},
    volume = {26},
    publisher = {Springer New York LLC},
    issn = {15315320},
    pmid = {30251148},
    keywords = {Bayes factors, Cognitive psychometrics, Individual differences, Mixture models}
}

@article{Bott2004SomeInferences,
    title = {{Some utterances are underinformative: The onset and time course of scalar inferences}},
    year = {2004},
    journal = {Journal of Memory and Language},
    author = {Bott, Lewis and Noveck, Ira A.},
    number = {3},
    pages = {437--457},
    volume = {51},
    issn = {0749596X}
}

@article{Kounios1992StructureTimes,
    title = {{Structure and Process in Semantic Memory: Evidence From Event-Related Brain Potentials and Reaction Times}},
    year = {1992},
    journal = {Journal of Experimental Psychology: General},
    author = {Kounios, John and Holcomb, Phillip J.},
    number = {4},
    pages = {459--479},
    volume = {121},
    publisher = {J Exp Psychol Gen},
    issn = {00963445},
    pmid = {1431739},
    keywords = {Adult, Arousal / physiology*, Attention / physiology*, Cerebral Cortex / physiology, Electroencephalography*, Evoked Potentials, Female, Humans, J Kounios, MEDLINE, Male, Mental Recall / physiology*, NCBI, NIH, NLM, National Center for Biotechnology Information, National Institutes of Health, National Library of Medicine, P J Holcomb, P.H.S., PubMed Abstract, Reaction Time / physiology*, Reading, Research Support, Semantics*, U.S. Gov't, Visual / physiology, doi:10.1037//0096-3445.121.4.459, pmid:1431739}
}

@article{Verheyen2018Subjectivityiheavy/i,
    title = {{Subjectivity in gradable adjectives: The case of tall and heavy}},
    year = {2018},
    journal = {Mind {\&} Language},
    author = {Verheyen, Steven and Dewil, Sabrina and {\'{E}}gr{\'{e}}, Paul},
    number = {5},
    pages = {460--479},
    volume = {33},
    publisher = {Blackwell Publishing Ltd},
    issn = {02681064},
    keywords = {categorization, egocentrism, ideals, threshold theory, vagueness}
}

@article{vanHeuven2014SUBTLEX-UK:English.,
    title = {{SUBTLEX-UK: a new and improved word frequency database for British English}},
    year = {2014},
    journal = {Quarterly Journal of Experimental Psychology},
    author = {{\noopsort{Heuven}}{{van Heuven}}, Walter J B and Mandera, Pawel and Keuleers, Emmanuel and Brysbaert, Marc},
    number = {6},
    pages = {1176--90},
    volume = {67},
    issn = {1747-0226},
    pmid = {24417251},
    keywords = {Visual word recognition, Word frequency, Zipf scale.}
}

@incollection{Dehaene2007SymbolsManipulation,
    title = {{Symbols and quantities in parietal cortex: elements of a mathematical theory of number representation and manipulation}},
    year = {2007},
    booktitle = {Sensorimotor {F}oundations of {H}igher {C}ognition},
    author = {Dehaene, Stanislas},
    editor	= {Haggard, Patrick and Rossetti, Yves and Kawato, Mitsuo},
    pages = {526--574},
    publisher = {Oxford University Press},
}

@article{Dutilh2011Task-RelatedAccount,
    title = {{Task-Related Versus Stimulus-Specific Practice A Diffusion Model Account}},
    year = {2011},
    journal = {Experimental Psychology},
    author = {Dutilh, Gilles and Krypotos, Angelos-Miltiadis and Wagenmakers, Eric-Jan},
    pages = {434--442},
    volume = {58},
    keywords = {classification, diffusion model, practice, response times}
}

@article{Fan2002TestingNetworks,
    title = {{Testing the efficiency and independence of attentional networks}},
    year = {2002},
    journal = {Journal of Cognitive Neuroscience},
    author = {Fan, Jin and McCandliss, Bruce D. and Sommer, Tobias and Raz, Amir and Posner, Michael I.},
    number = {3},
    pages = {340--347},
    volume = {14},
    issn = {0898929X},
    pmid = {11970796}
}

@article{Fan2005TheNetworks,
    title = {{The activation of attentional networks}},
    year = {2005},
    journal = {NeuroImage},
    author = {Fan, Jin and McCandliss, Bruce D. and Fossella, John and Flombaum, Jonathan I. and Posner, Michael I.},
    number = {2},
    pages = {471--479},
    volume = {26},
    issn = {10538119},
    keywords = {Alerting, Attention, Attentional networks, Executive control, Orienting, fMRI}
}

@article{Park2015TheApproach,
    title = {{The approximate number system acuity redefined: A diffusion model approach}},
    year = {2015},
    journal = {Frontiers in Psychology},
    author = {Park, Joonkoo and Starns, Jeffrey J.},
    pages = {1955},
    volume = {6},
    publisher = {Frontiers Research Foundation},
    issn = {16641078},
    keywords = {Approximate number system, Diffusion model, Math ability, Speed-accuracy tradeoff, Weber fraction}
}

@article{Posner1990TheBrain,
    title = {{The Attention System of the Human Brain}},
    year = {1990},
    journal = {Annual Review of Neuroscience},
    author = {Posner, Michael I. and Petersen, Steven E.},
    number = {1},
    pages = {25--42},
    volume = {13},
    publisher = {Annual Reviews},
    issn = {0147-006X},
    pmid = {2183676}
}

@article{Petersen2012TheAfter,
    title = {{The Attention System of the Human Brain: 20 Years After}},
    year = {2012},
    journal = {Annual Review of Neuroscience},
    author = {Petersen, Steven E. and Posner, Michael I.},
    number = {1},
    pages = {73--89},
    volume = {35},
    publisher = {Annual Reviews},
    issn = {0147-006X},
    pmid = {22524787}
}

@article{Twomey2015TheVariable,
    title = {{The classic P300 encodes a build-to-threshold decision variable}},
    year = {2015},
    journal = {The European Journal of Neuroscience},
    author = {Twomey, Deirdre M. and Murphy, Peter R. and Kelly, Simon P. and O'Connell, Redmond G.},
    number = {1},
    pages = {1636--1643},
    volume = {42},
    publisher = {Eur J Neurosci},
    issn = {1460-9568},
    pmid = {25925534},
    keywords = {Adult, Auditory, Auditory Perception / physiology, Brain / physiology*, Computer Simulation, Decision Making / physiology*, Deirdre M Twomey, Event-Related Potentials, Evoked Potentials, Female, Humans, MEDLINE, Male, Models, NCBI, NIH, NLM, National Center for Biotechnology Information, National Institutes of Health, National Library of Medicine, Neurological, Non-P.H.S., Non-U.S. Gov't, P300*, Peter R Murphy, PubMed Abstract, Reaction Time, Redmond G O'Connell, Research Support, U.S. Gov't, Visual, Visual Perception / physiology, Young Adult, doi:10.1111/ejn.12936, pmid:25925534}
}

@techreport{Sarter2001TheBottom-up,
    title = {{The cognitive neuroscience of sustained attention: where top-down meets bottom-up}},
    year = {2001},
    booktitle = {Brain Research Reviews},
    author = {Sarter, Martin and Givens, Ben and Bruno, John P},
    pages = {146--160},
    volume = {35},
    keywords = {Acetylcholine, Attention, Basal forebrain, Cortex}
}

@article{Anderson2018TheRevealed,
    title = {{The Common Time Course of Memory Processes Revealed}},
    year = {2018},
    journal = {Psychological Science},
    author = {Anderson, John R. and Borst, Jelmer P. and Fincham, Jon M. and Ghuman, Avniel Singh and Tenison, Caitlin and Zhang, Qiong},
    number = {9},
    pages = {1463--1474},
    volume = {29},
    publisher = {SAGE Publications Inc.},
    issn = {14679280},
    pmid = {29991326},
    keywords = {cognitive neuroscience, memory, neuroimaging, reaction time, task analysis}
}

@article{Johnson1996TheInfants,
    title = {{The development and temporal dynamics of spatial orienting in infants}},
    year = {1996},
    journal = {Journal of Experimental Child Psychology},
    author = {Johnson, Mark H. and Tucker, Leslie A.},
    number = {1},
    pages = {171--188},
    volume = {63},
    publisher = {Academic Press Inc.},
    issn = {00220965}
}

@article{Ratcliff2008TheTasks,
    title = {{The diffusion decision model: Theory and data for two-choice decision tasks}},
    year = {2008},
    journal = {Neural Computation},
    author = {Ratcliff, Roger and McKoon, Gail},
    number = {4},
    pages = {873--922},
    volume = {20},
    issn = {08997667},
    pmid = {18085991}
}

@article{vanMaanen2021TheStages,
    title = {{The Discovery and Interpretation of Evidence Accumulation Stages}},
    year = {2021},
    journal = {Computational Brain {\&} Behavior 2021},
    author = {{\noopsort{Maanen}}{{van Maanen}}, Leendert and Portoles, Oscar and Borst, Jelmer P.},
    pages = {1--21},
    publisher = {Springer},
    issn = {2522-087X},
    keywords = {Cognitive Psychology, Mathematical Models of Cognitive Processes and Neu, Processing stages, Psychological Methods/Evaluation}
}

@article{Borst2015TheModels,
    title = {{The discovery of processing stages: Analyzing EEG data with hidden semi-Markov models}},
    year = {2015},
    journal = {NeuroImage},
    author = {Borst, Jelmer P. and Anderson, John R.},
    number = {1},
    pages = {60--73},
    volume = {108},
    publisher = {Academic Press Inc.},
    issn = {10959572},
    pmid = {25534112},
    keywords = {Associative recognition, EEG, Hidden semi-Markov models, Processing stages}
}

@article{Anderson2016TheMethod,
    title = {{The discovery of processing stages: Extension of Sternberg's method}},
    year = {2016},
    journal = {Psychological Review},
    author = {Anderson, John R. and Zhang, Qiong and Borst, Jelmer P. and Walsh, Matthew M.},
    number = {5},
    pages = {481--509},
    volume = {123},
    publisher = {American Psychological Association Inc.},
    issn = {0033295X},
    pmid = {27135600},
    keywords = {Associative recognition, Computational modeling, EEG, Hidden semi-Markov models, Reaction time}
}

@article{Anderson2016TheMethodb,
    title = {{The discovery of processing stages: Extension of Sternberg's method}},
    year = {2016},
    journal = {Psychological Review},
    author = {Anderson, John R. and Zhang, Qiong and Borst, Jelmer P. and Walsh, Matthew M.},
    number = {5},
    pages = {481--509},
    volume = {123},
    publisher = {American Psychological Association Inc.},
    issn = {0033295X},
    pmid = {27135600},
    keywords = {Associative recognition, Computational modeling, EEG, Hidden semi-Markov models, Reaction time}
}

@article{Sternberg1969TheMethod,
    title = {{The discovery of processing stages: Extensions of Donders' method}},
    year = {1969},
    journal = {Acta Psychologica},
    author = {Sternberg, Saul},
    number = {C},
    pages = {276--315},
    volume = {30},
    publisher = {North-Holland},
    issn = {0001-6918}
}

@article{Newstead1987TheScales,
    title = {{The effect of set size on the interpretation of quantifiers used in rating scales}},
    year = {1987},
    journal = {Applied Ergonomics},
    author = {Newstead, S. E. and Pollard, P. and Riezebos, D.},
    number = {3},
    pages = {178--182},
    volume = {18},
    issn = {00036870},
    keywords = {Quantifiers, rating scales, questionnaires}
}

@article{Palmer2005TheDecision,
    title = {{The effect of stimulus strength on the speed and accuracy of a perceptual decision}},
    year = {2005},
    journal = {Journal of Vision},
    author = {Palmer, John and Huk, Alexander C. and Shadlen, Michael N.},
    number = {5},
    pages = {376--404},
    volume = {5},
    publisher = {J Vis},
    issn = {1534-7362},
    pmid = {16097871},
    keywords = {Alexander C Huk, Decision Making / physiology*, Extramural, Humans, John Palmer, MEDLINE, Michael N Shadlen, N.I.H., NCBI, NIH, NLM, National Center for Biotechnology Information, National Institutes of Health, National Library of Medicine, Non-U.S. Gov't, P.H.S., Psychometrics, Psychomotor Performance / physiology*, PubMed Abstract, Reaction Time / physiology*, Reproducibility of Results, Research Support, U.S. Gov't, Visual Perception / physiology*, doi:10.1167/5.5.1, pmid:16097871}
}

@article{Zhang2017TheRecognition,
    title = {{The effects of probe similarity on retrieval and comparison processes in associative recognition}},
    year = {2017},
    journal = {Journal of Cognitive Neuroscience},
    author = {Zhang, Qiong and Walsh, Matthew M. and Anderson, John R.},
    number = {2},
    pages = {352--367},
    volume = {29},
    publisher = {MIT Press Journals},
    issn = {15308898},
    pmid = {28033039},
    keywords = {Adult, Association*, Brain / physiology*, Computer-Assisted, Electroencephalography, Evoked Potentials, Female, Humans, John R Anderson, Judgment / physiology, MEDLINE, Male, Markov Chains, Matthew M Walsh, Models, Multivariate Analysis, NCBI, NIH, NLM, National Center for Biotechnology Information, National Institutes of Health, National Library of Medicine, Pattern Recognition, Psychological, Psychology / physiology*, PubMed Abstract, Qiong Zhang, Reaction Time, Reading, Recognition, Signal Processing, Visual / physiology, Young Adult, doi:10.1162/jocn{\_}a{\_}01059, pmid:28033039}
}

@inproceedings{Carcassi2019TheLearning,
    title = {{The emergence of monotone quantifiers via iterated learning}},
    year = {2019},
    booktitle = {Proceedings of the 41st {A}nnual {C}onference of the {C}ognitive {S}cience {S}ociety},
    author = {Carcassi, Fausto and Steinert-Threlkeld, Shane and Szymanik, Jakub},
    editor = {Goel, A.K. and Seifert, C.M. and Freksa, C.},
    publisher = {Cognitive Science Society},
    pages = {190-196},
    address = {Montreal, QB},
    keywords = {generalized quantifiers, iterated learning, monotonicity, neural networks, semantic universals}
}

@inproceedings{Carcassi2019TheMonotonicity,
    title = {{The evolution of adjectival monotonicity}},
    year = {2019},
    booktitle = {Proceedings of {S}inn und {B}edeutung 23},
    author = {Carcassi, Fausto and Schouwstra, Marieke and Kirby, Simon},
    pages = {219--230},
    volume = {1},
    publisher = {Universitat Aut\`{o}noma de Barcelona},
    address = {Bellaterra (Cerdanyola del Vall\`{e}s)},
    editor = {Espinal, M.Teresa  and Castroviejo, Elena and Leonetti, Manuel and McNally, Louise and Real-Puigdollers, Cristina},
    issn = {2629-6055},
    keywords = {cultural evolution, iterated learning, rational speech act, universals}
}

@article{Hubbard2008TheQuantifiers,
    title = {{The Evolution of Numerical Cognition: From Number Neurons to Linguistic Quantifiers}},
    year = {2008},
    author = {Hubbard, Edward M and Diester, Ilka and Cantlon, Jessica F and Ansari, Daniel and Van Opstal, Filip and Troiani, Vanessa},
}

@incollection{Kaup2007TheRepresented,
    title = {{The experiential view of language comprehension: How is negation represented?}},
    year = {2007},
    booktitle = {Higher {L}evel {L}anguage {P}rocesses in the {B}rain: {I}nference and {C}omprehension {P}rocesses},
    author = {Kaup, Barbara and Ludtke, Jana and Zwaan, Rolf A},
    editor = {Schmalhofer, F. and Perfetti, C. A.},
    pages = {255--288},
    publisher = {Lawrence Erlbaum Associates},
    address = {London},
    isbn = {9780203936443},
}

@article{Zylberberg2011ThePrograms,
    title = {{The human Turing machine: a neural framework for mental programs}},
    year = {2011},
    journal = {Trends in Cognitive Sciences},
    author = {Zylberberg, Ariel and Dehaene, Stanislas and Roelfsema, Pieter R. and Sigman, Mariano},
    number = {7},
    pages = {293--300},
    volume = {15},
    publisher = {Trends Cogn Sci},
    issn = {1879-307X},
    pmid = {21696998},
    keywords = {Animals, Ariel Zylberberg, Brain / cytology*, Brain / physiology, Brain Mapping*, Computer Simulation, Humans, MEDLINE, Mariano Sigman, Mental Processes / physiology*, Models, NCBI, NIH, NLM, National Center for Biotechnology Information, National Institutes of Health, National Library of Medicine, Neurological, Neurons / physiology*, Non-U.S. Gov't, PubMed Abstract, Research Support, Stanislas Dehaene, doi:10.1016/j.tics.2011.05.007, pmid:21696998}
}

@article{Zhang2018TheProcess,
    title = {{The Impact of Inserting an Additional Mental Process}},
    year = {2018},
    journal = {Computational Brain {\&} Behavior},
    author = {Zhang, Qiong and Walsh, Matthew M. and Anderson, John R.},
    number = {1},
    pages = {22--35},
    volume = {1},
    publisher = {Springer Science and Business Media LLC},
    issn = {2522-0861},
    keywords = {Cognitive Psychology, Mathematical Models of Cognitive Processes and Neu, Psychological Methods/Evaluation}
}

@article{Tellinghuisen1999TheDistractibility,
    title = {{The Influence of Attentional State and Stimulus Characteristics on Infant Distractibility}},
    year = {1999},
    journal = {Cognitive Development},
    author = {Tellinghuisen, Donald J. and Oakes, Lisa M. and Tjebkes, Terri L.},
    number = {2},
    pages = {199--213},
    volume = {14},
    publisher = {Elsevier Ltd},
    issn = {08852014}
}

@article{VanMaanen2010TheInterference,
    title = {{The Locus of the Gratton Effect in Picture–Word Interference}},
    year = {2010},
    journal = {Topics in Cognitive Science},
    author = {{\noopsort{Maanen}}{{van Maanen}}, Leendert and van Rijn, Hedderik},
    number = {1},
    pages = {168--180},
    volume = {2},
    publisher = {John Wiley {\&} Sons, Ltd},
    issn = {1756-8765},
    pmid = {25163629},
    keywords = {ACT, Accumulator models, Gratton effect, Picture, Psychological refractory period (PRP), R, RACE/A, word interference}
}

@article{Piantadosi2016TheModels,
    title = {{The logical primitives of thought: Empirical foundations for compositional cognitive models}},
    year = {2016},
    journal = {Psychological Review},
    author = {Piantadosi, Steven T. and Tenenbaum, Joshua B. and Goodman, Noah D.},
    number = {4},
    pages = {392--424},
    volume = {123},
    publisher = {American Psychological Association Inc.},
    issn = {0033295X},
    keywords = {Bayesian modeling, Concept learning, Language of thought}
}

@article{AbbondanzaTheEffect.,
    title = {{The mental representation of non-numerical quantifiers: The Spatial-Linguistic Association of Response Codes (SLARC) effect.}},
    author = {Abbondanza, Martina and Rinaldi, Luca and Foppolo, Francesca and Marelli, Marco},
    publisher = {PsyArXiv},
    keywords = {Cognitive Psychology, Language, Number Words, Quantifiers, SNARC, Social and Behavioral Sciences, Spatial representation}
}

@article{Yeung2004TheNegativity.,
    title = {{The Neural Basis of Error Detection: Conflict Monitoring and the Error-Related Negativity.}},
    year = {2004},
    journal = {Psychological Review},
    author = {Yeung, Nick and Botvinick, Matthew M. and Cohen, Jonathan D.},
    number = {4},
    pages = {931--959},
    volume = {111},
    publisher = {Psychol Rev},
    issn = {0033-295X},
    pmid = {15482068},
    keywords = {Adolescent, Adult, Analysis of Variance, Brain Mapping, Clinical Trial, Computer Simulation, Conflict, Controlled Clinical Trial, Electroencephalography, Evoked Potentials / physiology*, Feedback, Female, Humans, Jonathan D Cohen, MEDLINE, Male, Matthew M Botvinick, Models, NCBI, NIH, NLM, National Center for Biotechnology Information, National Institutes of Health, National Library of Medicine, Nick Yeung, Psychological, Psychological / physiology*, Psychological*, PubMed Abstract, Reaction Time, Scalp, doi:10.1037/0033-295x.111.4.939, pmid:15482068}
}

@article{Kelly2015TheDirections,
    title = {{The neural processes underlying perceptual decision making in humans: recent progress and future directions}},
    year = {2015},
    journal = {Journal of physiology, Paris},
    author = {Kelly, Simon P. and O'Connell, Redmond G.},
    number = {1-3},
    pages = {27--37},
    volume = {109},
    issn = {1769-7115},
    pmid = {25204272},
    keywords = {Brain / blood supply, Brain / physiology*, Brain Mapping*, Cognition / physiology*, Decision Making / physiology*, Electroencephalography, Evoked Potentials, Humans, MEDLINE, Magnetic Resonance Imaging, NCBI, NIH, NLM, National Center for Biotechnology Information, National Institutes of Health, National Library of Medicine, PubMed Abstract, Redmond G O'Connell, Review, Simon P Kelly, doi:10.1016/j.jphysparis.2014.08.003, pmid:25204272}
}

@book{Dehaene1997TheMathematics,
    title = {{The Number Sense: How the mind creates mathematics}},
    year = {1997},
    author = {Dehaene, S.},
    publisher = {Oxford University Press},
    address = {New York},
    isbn = {9780199753871}
}

@article{Frisch2002TheAmbiguity,
    title = {{The P600 as an indicator of syntactic ambiguity}},
    year = {2002},
    journal = {Cognition},
    author = {Frisch, Stefan and Schlesewsky, Matthias and Saddy, Douglas and Alpermann, Annegret},
    number = {3},
    pages = {B83-B92},
    volume = {85},
    publisher = {Elsevier},
    issn = {0010-0277},
    pmid = {12169415},
    keywords = {Event-related brain potentials, Language processing, P600 component, Parallel processing, Serial processing, Syntactic ambiguity}
}

@article{Bogacz2006TheTasks,
    title = {{The physics of optimal decision making: A formal analysis of models of performance in two-alternative forced-choice tasks}},
    year = {2006},
    journal = {Psychological Review},
    author = {Bogacz, Rafal and Brown, Eric and Moehlis, Jeff and Holmes, Philip and Cohen, Jonathan D.},
    number = {4},
    pages = {700--765},
    volume = {113},
    publisher = {Psychol Rev},
    issn = {0033295X},
    pmid = {17014301},
    keywords = {Drift diffusion model, Optimal performance, Perceptual choice, Reward rate, Speed-accuracy trade-off}
}

@article{Chater1999TheReasoning,
    title = {{The Probability Heuristics Model of Syllogistic Reasoning}},
    year = {1999},
    journal = {Cognitive Psychology},
    author = {Chater, Nick and Oaksford, Mike},
    number = {2},
    pages = {191--258},
    volume = {38},
    issn = {00100285},
    pmid = {10090803}
}

@article{Deschamps2015ThePerception.,
    title = {{The processing of polar quantifiers, and numerosity perception.}},
    year = {2015},
    journal = {Cognition},
    author = {Deschamps, Isabelle and Agmon, Galit and Loewenstein, Yonatan and Grodzinsky, Yosef},
    pages = {115--28},
    volume = {143},
    issn = {1873-7838},
    pmid = {26142825},
    keywords = {Language processing, Monotonicity, Natural language quantifiers, Numerical cognition, Polarity, Verification algorithms, Weber’s Law}
}

@article{Xie2017TheActivity,
    title = {{The Relation between Infant Covert Orienting, Sustained Attention and Brain Activity}},
    year = {2017},
    journal = {Brain Topography},
    author = {Xie, Wanze and Richards, John E.},
    number = {2},
    pages = {198--219},
    volume = {30},
    publisher = {Springer New York LLC},
    issn = {15736792},
    keywords = {Cortical source analysis, ERPs, Infant covert orienting, Sustained attention}
}

@techreport{Rett2017The,
    title = {{The semantics of many, much, few, and little *}},
    year = {2017},
    author = {Rett, Jessica}
}

@book{HaroldJeffreys1961TheProbability,
    title = {{The Theory of Probability}},
    year = {1961},
    author = {{Harold Jeffreys}},
    edition = {3},
    pages = {432},
    publisher = {New York: Oxford University Press.},
    isbn = {0198503687}
}

@article{Callejas2004TheInteractions,
    title = {{The three attentional networks: On their independence and interactions}},
    year = {2004},
    journal = {Brain and Cognition},
    author = {Callejas, Alicia and Lupi{\'{a}}{\~{n}}ez, Juan and Tudela, Pío},
    number = {3},
    pages = {225--227},
    volume = {54},
    issn = {02782626}
}

@article{Fuentes2008TheTest,
    title = {{The time course of alerting effect over orienting in the attention network test}},
    year = {2008},
    journal = {Experimental Brain Research},
    author = {Fuentes, Luis J. and Campoy, Guillermo},
    number = {4},
    pages = {667--672},
    volume = {185},
    issn = {00144819},
    keywords = {Attention network test, Attention networks, Conflict task}
}

@article{Kiefer1998TheTask,
    title = {{The time course of brain activations during response inhibition: evidence from event-related potentials in a go/no go task}},
    year = {1998},
    journal = {Neuroreport},
    author = {Kiefer, Markus and Marzinzik, Frank and Weisbrod, Matthias and Scherg, Michael and Spitzer, Manfred},
    number = {4},
    pages = {765--770},
    volume = {9},
    publisher = {Neuroreport},
    issn = {0959-4965},
    pmid = {9559953},
    keywords = {Adult, Analysis of Variance, Brain Mapping*, Cerebral Cortex / physiology*, Decision Making / physiology*, Evoked Potentials / physiology*, F Marzinzik, Female, Functional Laterality / physiology, Humans, M Kiefer, M Spitzer, MEDLINE, Male, NCBI, NIH, NLM, National Center for Biotechnology Information, National Institutes of Health, National Library of Medicine, Non-U.S. Gov't, Pitch Discrimination / physiology*, PubMed Abstract, Reaction Time, Research Support, doi:10.1097/00001756-199803090-00037, pmid:9559953}
}

@article{Lee2012TheRecognition,
    title = {{The time course of contextual effects on visual word recognition}},
    year = {2012},
    journal = {Frontiers in Psychology},
    author = {Lee, Chia Ying and Liu, Yo Ning and Tsai, Jie Li},
    number = {AUG},
    volume = {3},
    publisher = {Front Psychol},
    issn = {16641078},
    keywords = {Anterior N1, Contextual effect, Event-related potentials, Lexical access, P200}
}

@article{Maciuszek2019ThereNegation,
    title = {{There is no item vs. I wish there were an item: Implicit negation causes false recall just as well as explicit negation}},
    year = {2019},
    journal = {PLOS ONE},
    author = {Maciuszek, Józef and Polak, Mateusz and Sekulak, Martyna},
    number = {4},
    pages = {e0215283},
    volume = {14},
    publisher = {Public Library of Science},
    isbn = {1111111111},
    issn = {1932-6203},
    pmid = {30978257},
    keywords = {Cognition, Emotions, Experimental design, False memories, Language, Memory, Memory recall, Sentence processing}
}

@article{Yeung2007ThetaNegativity,
    title = {{Theta phase resetting and the error-related negativity}},
    year = {2007},
    journal = {Psychophysiology},
    author = {Yeung, Nick and Bogacz, Rafal and Holroyd, Clay B. and Nieuwenhuis, Sander and Cohen, Jonathan D.},
    number = {1},
    pages = {39--49},
    volume = {44},
    publisher = {Psychophysiology},
    issn = {0048-5772},
    pmid = {17241139},
    keywords = {Computer Simulation, Cortical Synchronization, Electroencephalography, Evoked Potentials / physiology, Extramural, Humans, Jonathan D Cohen, MEDLINE, N.I.H., NCBI, NIH, NLM, National Center for Biotechnology Information, National Institutes of Health, National Library of Medicine, Nick Yeung, Non-U.S. Gov't, Psychomotor Performance / physiology*, PubMed Abstract, Rafal Bogacz, Reaction Time / physiology, Research Support, Theta Rhythm*, doi:10.1111/j.1469-8986.2006.00482.x, pmid:17241139}
}

@article{Kutas2011ThirtyERP,
    title = {{Thirty years and counting: Finding meaning in the N400 component of the event-related brain potential (ERP)}},
    year = {2011},
    journal = {Annual Review of Psychology},
    author = {Kutas, Marta and Federmeier, Kara D.},
    pages = {621--647},
    volume = {62},
    publisher = {Annual Reviews},
    issn = {00664308},
    pmid = {20809790},
    keywords = {context effects, language, memory, nonlinguistic stimuli, priming, timing}
}

@article{Moyer1967TimeInequality,
    title = {{Time required for judgements of numerical inequality}},
    year = {1967},
    journal = {Nature},
    author = {Moyer, Robert S. and Landauer, Thomas K.},
    number = {5109},
    pages = {1519--1520},
    volume = {215},
    issn = {00280836},
    pmid = {6052760}
}

@Manual{Hebbali2020Tools0.5.3,
    title = {{Tools for Building OLS Regression Models}},
    year = {2020},
    author = {Hebbali, Aravind},
    note = {R package version 0.5.3},
}

@article{Hinrichs1981Two-digitInformation.,
    title = {{Two-digit number comparison: Use of place information.}},
    year = {1981},
    journal = {Journal of Experimental Psychology: Human Perception and Performance},
    author = {Hinrichs, J.V. and Yurko, D.S. and Hu, J.-m.},
    number = {4},
    pages = {890--901},
    volume = {7}
}

@techreport{UCPhonology,
    title = {{UC Berkeley UC Berkeley PhonLab Annual Report Title Universals in Phonology}},
}

@article{Montague1970UniversalGrammar,
    title = {{Universal grammar}},
    year = {1970},
    journal = {Theoria},
    author = {Montague, Richard},
    number = {3},
    pages = {373--398},
    volume = {36},
    publisher = {John Wiley {\&} Sons, Ltd},
    issn = {1755-2567}
}

@article{Hyman2008UniversalsPhonology,
    title = {{Universals in phonology}},
    year = {2008},
    journal = {Linguistic Review},
    author = {Hyman, Larry M.},
    number = {1-2},
    pages = {83--137},
    volume = {25},
    issn = {01676318}
}

@techreport{VonFintel2007UniversalsReview,
    title = {{Universals in Semantics * for a special issue of The Linguistic Review}},
    year = {2007},
    author = {Von Fintel, Kai and Matthewson, Lisa}
}

@article{Kusak2000UpdatingStudy,
    title = {{Updating of working memory in a running memory task: an event-related potential study}},
    year = {2000},
    journal = {International Journal of Psychophysiology},
    author = {Kusak, Guido and Grune, Kerstin and Hagendorf, Herbert and Metz, Anna Marie},
    number = {1},
    pages = {51--65},
    volume = {39},
    publisher = {Elsevier},
    issn = {0167-8760},
    pmid = {11120347},
    keywords = {Central executive, Event-related potentials, Slave systems, Slow waves, Working memory}
}

@article{Polich2007UpdatingP3b,
    title = {{Updating P300: an integrative theory of P3a and P3b}},
    year = {2007},
    journal = {Clinical neurophysiology : official journal of the International Federation of Clinical Neurophysiology},
    author = {Polich, John},
    number = {10},
    pages = {2128--2148},
    volume = {118},
    publisher = {Clin Neurophysiol},
    issn = {1388-2457},
    pmid = {17573239},
    keywords = {Animals, Brain Chemistry / physiology, Cortical Synchronization, Electroencephalography, Event-Related Potentials, Evoked Potentials / drug effects, Evoked Potentials / physiology, Extramural, Humans, John Polich, MEDLINE, N.I.H., NCBI, NIH, NLM, National Center for Biotechnology Information, National Institutes of Health, National Library of Medicine, Neurotransmitter Agents / metabolism, Neurotransmitter Agents / physiology, P300 / drug effects, P300 / physiology*, PMC2715154, PubMed Abstract, Research Support, Review, doi:10.1016/j.clinph.2007.04.019, pmid:17573239}
}

@article{Schnoebelen2010Using1,
    title = {{Using Amazon Mechanical Turk for linguistic research}},
    year = {2010},
    journal = {Psihologija},
    author = {Schnoebelen, Tyler and Kuperman, Victor},
    number = {4},
    pages = {441--464},
    volume = {43},
    keywords = {Amazon Mechanical Turk, crowdsourcing, predictability, semantic similarity, web experiments}
}

@article{Solt2015VaguenessFoundations,
    title = {{Vagueness and Imprecision: Empirical Foundations}},
    year = {2015},
    journal = {Annual Review of Linguistics},
    author = {Solt, Stephanie},
    number = {1},
    pages = {107--127},
    volume = {1},
    publisher = {Annual Reviews},
    issn = {2333-9683}
}

@article{Solt2011VaguenessPerspective,
    title = {{Vagueness in Quantity: Two Case Studies from a Linguistic Perspective}},
    year = {2011},
    journal = {Understanding Vagueness},
    author = {Solt, Stephanie},
    pages = {157--174},
    volume = {36}
}

@article{Wiswede2013ValidatingProcesses,
    title = {{Validating the truth of propositions: Behavioral and ERP indicators of truth evaluation processes}},
    year = {2013},
    journal = {Social Cognitive and Affective Neuroscience},
    author = {Wiswede, Daniel and Koranyi, Nicolas and M{\"{u}}ller, Florian and Langner, Oliver and Rothermund, Klaus},
    number = {6},
    pages = {647--653},
    volume = {8},
    publisher = {Oxford Academic},
    issn = {17495016},
    pmid = {22461436},
    keywords = {Irrelevant stimulus-response compatibility, Late negativity, N400, Reading comprehension, Sentence verification, Truth validation}
}

@inproceedings{Kolvoort2021VariabilityJudgments,
    title = {{Variability in Causal Judgments}},
    year = {2021},
    booktitle = {Proceedings of 43rd the {A}nnual {C}onference of the {C}ognitive {S}cience {S}ociety},
    author = {Kolvoort, Ivar and Davis, Zachary J and van Maanen, Leendert and Rehder, Bob},
    pages = {1250--1256},
    publisher = {Cognitive Science Society},
    keywords = {Markov violations, causal reasoning, process models, variability}
}

@article{Dautriche2016WhatWords,
    title = {{What Homophones Say about Words}},
    year = {2016},
    journal = {PLOS ONE},
    author = {Dautriche, Isabelle and Chemla, Emmanuel},
    number = {9},
    pages = {e0162176},
    volume = {11},
    publisher = {Public Library of Science},
    issn = {1932-6203},
    keywords = {Children, Dogs, Language, Language acquisition, Learning, Lexicons, Phonology, Semantics}
}

@article{Pitt2002WhenBad,
    title = {{When a good fit can be bad}},
    year = {2002},
    journal = {Trends in Cognitive Sciences},
    author = {Pitt, Mark A. and Myung, In Jae},
    number = {10},
    pages = {421--425},
    volume = {6},
    publisher = {Elsevier Ltd},
    issn = {13646613},
    pmid = {12413575}
}

@article{Hampton2016WhenConceptualization,
    title = {{When intensions do not map onto extensions: Individual differences in conceptualization}},
    year = {2016},
    journal = {Journal of Experimental Psychology: Learning Memory and Cognition},
    author = {Hampton, James A. and Passanisi, Alessia},
    number = {4},
    pages = {505--523},
    volume = {42},
    publisher = {American Psychological Association Inc.},
    issn = {02787393},
    keywords = {Concept, Features, Individual differences, Prototype, Typicality}
}

@article{Nieuwland2008WhenNegation,
    title = {{When the truth is not too hard to handle: An event-related potential study on the pragmatics of negation}},
    year = {2008},
    journal = {Psychological Science},
    author = {Nieuwland, Mante S. and Kuperberg, Gina R.},
    number = {12},
    pages = {1213--1218},
    volume = {19},
    publisher = {Psychol Sci},
    issn = {09567976},
    pmid = {19121125},
    keywords = {Adult, Affect / physiology, Analysis of Variance, Communication, Comprehension / physiology*, Deception*, Electroencephalography / statistics {\&} numerical data, Evoked Potentials / physiology*, Extramural, Female, Gina R Kuperberg, Humans, Language, MEDLINE, Male, Mante S Nieuwland, N.I.H., NCBI, NIH, NLM, National Center for Biotechnology Information, National Institutes of Health, National Library of Medicine, Non-U.S. Gov't, PMC3225068, PubMed Abstract, Reading, Research Support, Semantics, Young Adult, doi:10.1111/j.1467-9280.2008.02226.x, pmid:19121125}
}

@article{Tian2010WhyAccount,
    title = {{Why we simulate negated information: A dynamic pragmatic account}},
    year = {2010},
    journal = {Quarterly Journal of Experimental Psychology},
    author = {Tian, Ye and Breheny, Richard and Ferguson, Heather J.},
    number = {12},
    pages = {2305--2312},
    volume = {63},
    publisher = {SAGE PublicationsSage UK: London, England},
    issn = {17470218},
    pmid = {21058217},
    keywords = {Language comprehension, Negation, Pragmatics, Simulation}
}

@inproceedings{Tenenbaum2000WordInference,
    title = {{Word learning as Bayesian inference}},
    year = {2000},
    booktitle = {Proceedings of the Annual Meeting of the Cognitive Science Society},
    author = {Tenenbaum, Joshua B. and Xu, Fei},
    issn = {1069-7977}
}

@article{Xu2007WordInference.,
    title = {{Word learning as Bayesian inference.}},
    year = {2007},
    journal = {Psychological Review},
    author = {Xu, Fei and Tenenbaum, Joshua B.},
    number = {2},
    pages = {245--272},
    volume = {114},
    keywords = {Bayesian inference, Computational modeling, Concepts, Word learning}
}

@article{Dautriche2016WordExemplars,
    title = {{Word Learning: Homophony and the Distribution of Learning Exemplars}},
    year = {2016},
    journal = {Language Learning and Development},
    author = {Dautriche, Isabelle and Chemla, Emmanuel and Christophe, Anne},
    number = {3},
    pages = {231--251},
    volume = {12},
    issn = {15473341},
    keywords = {concepts, constraints, homophony, word learning}
}

@article{Zajenkowski2014WorkingVerification,
    title = {{Working Memory Mechanism in Proportional Quantifier Verification}},
    year = {2014},
    journal = {Journal of Psycholinguistic Research},
    author = {Zajenkowski, Marcin and Szymanik, Jakub and Garraffa, Maria},
    pages = {839--853},
    volume = {43},
    keywords = {Approximate number sense {\textperiodcentered}, Cognitive control, Computational complexity {\textperiodcentered}, Quantifiers {\textperiodcentered}, Working memory {\textperiodcentered}}
}

@article{LopezPerez2020WorkingAge,
    title = {{Working together to orient faster: The combined effects of alerting and orienting networks on pupillary responses at 8 months of age}},
    year = {2020},
    journal = {Developmental Cognitive Neuroscience},
    author = {L{\'{o}}pez P{\'{e}}rez, David and Ramotowska, Sonia and Malinowska-Korczak, Anna and Haman, Maciej and Tomalski, Przemysław},
    issn = {18789293}
}

@article{LopezPerez2020WorkingAgeb,
    title = {{Working together to orient faster: The combined effects of alerting and orienting networks on pupillary responses at 8 months of age}},
    year = {2020},
    journal = {Developmental Cognitive Neuroscience},
    author = {L{\'{o}}pez P{\'{e}}rez, David and Ramotowska, Sonia and Malinowska-Korczak, Anna and Haman, Maciej and Tomalski, Przemysław},
    pages = {100763},
    volume = {42},
    issn = {18789293}
}

@article{Keuleers2010Wuggy:Generator,
    title = {{Wuggy: A multilingual pseudoword generator}},
    year = {2010},
    journal = {Behavior Research Methods},
    author = {Keuleers, Emmanuel and Brysbaert, Marc},
    number = {3},
    pages = {627--633},
    volume = {42},
    issn = {1554351X}
}

@article{Keuleers2010Wuggy:Generatorb,
    title = {{Wuggy: A multilingual pseudoword generator}},
    year = {2010},
    journal = {Behavior Research Methods},
    author = {Keuleers, Emmanuel and Brysbaert, Marc},
    number = {3},
    pages = {627--633},
    volume = {42},
    issn = {1554351X}
}

@inproceedings{Carcassi2021MostExplanation,
    title = {{‘Most’ vs ‘More Than Half’: An Alternatives Explanation}},
    year = {2021},
    booktitle = {Proceedings of the {S}ociety for {C}omputation in {L}inguistics},
    author = {Carcassi, Fausto and Szymanik, Jakub},
    publisher = {Society for {C}omputation in {L}inguistics},
    pages = {334--343},
    volume = {4},
    number = {30},
    editor = {Ettinger, A. and Pavlich, E. and Prickett, B.}
}

@article{Heim2020FewProcessing,
    title = {{“Few” or “Many”? An Adaptation Level Theory Account for Flexibility in Quantifier Processing}},
    year = {2020},
    journal = {Frontiers in Psychology},
    author = {Heim, Stefan and Peiseler, Natalja and Bekemeier, Natalia},
    pages = {382},
    volume = {11},
    publisher = {Frontiers Media S.A.},
    issn = {1664-1078},
    keywords = {degree, linguistics, logic, numerical cognition, quantities, semantics}
}

@article{Mayo2004IEncodingb,
    title = {{“I am not guilty” vs “I am innocent”: Successful negation may depend on the schema used for its encoding}},
    year = {2004},
    journal = {Journal of Experimental Social Psychology},
    author = {Mayo, Ruth and Schul, Yaacov and Burnstein, Eugene},
    number = {4},
    pages = {433--449},
    volume = {40},
    publisher = {Academic Press},
    issn = {0022-1031}
}

@article{RamotowskaMostmeanings,
    title = {{Most quantifiers have many meanings [Unpublished manuscript]}},
    year = {2022},
    author = {Ramotowska, S. and Haaf, J. and van Maanen, L. and Szymanik, J.}
}

@article{RamotowskaDiscovering,
    title = {{Discovering stages of processing in quantified sentences [Unpublished manuscript]}},
    year = {2022},
    author = {Ramotowska, S. and Archambeau, K. and Augurzky, P. and Schlotterbeck, F. and Berberyan, H. and van Maanen, L. and Szymanik, J.}
}

@article{RamotowskaUniver,
    title = {{Does ease of learning explain quantifier universals? [Unpublished manuscript]}},
    year = {2022},
    author = {Ramotowska, S. and van Maanen, L. and Szymanik, J.}
}

@article{RamotowskaUncovering,
    title = {{Uncovering the structure of semantic representations using a computational model of decision-making [Unpublished manuscript]}},
    year = {2021},
    author = {Ramotowska, S. and Steinert-Threlkeld, S. and van Maanen, L. and Szymanik, J.}
}
